@Manual{R-bookdown,
  title = {{bookdown: authoring books and technical documents with R Markdown}},
  author = {Yihui Xie},
  year = {2025},
  note = {R package version 0.44},
  url = {https://github.com/rstudio/bookdown},
}

@Book{bookdown2016,
  title = {{bookdown: authoring books and technical documents with R Markdown}},
  author = {Yihui Xie},
  publisher = {Chapman and Hall/CRC},
  address = {Boca Raton, Florida},
  year = {2016},
  isbn = {978-1138700109},
  url = {https://bookdown.org/yihui/bookdown},
}

