@article{Agostini2003,
  title = {Growth and primary production of  {{{\mkbibemph{Cymodocea nodosa}}}} in a coastal lagoon},
  author = {Agostini, Sylvia and Pergent, Gérard and Marchand, Bernard},
  date = {2003-07-01},
  journaltitle = {Aquatic Botany},
  shortjournal = {Aquat. Bot.},
  volume = {76},
  number = {3},
  pages = {185--193},
  issn = {0304-3770},
  doi = {10.1016/S0304-3770(03)00049-4},
  langid = {undefined}
}

@article{Alsaffar2020,
  title = {The role of seagrass vegetation and local environmental conditions in shaping benthic bacterial and macroinvertebrate communities in a tropical coastal lagoon},
  author = {Alsaffar, Z. and Pearman, J. K. and Cúrdia, J. and Ellis, J. and Calleja, M. Ll and Ruiz-Compean, P. and Roth, F. and Villalobos, R. and Jones, B. H. and Morán, X. A. G. and Carvalho, S.},
  date = {2020-08-11},
  journaltitle = {Scientific Reports},
  shortjournal = {Sci. Rep.},
  volume = {10},
  number = {1},
  pages = {13550},
  publisher = {Nature Publishing Group},
  issn = {2045-2322},
  doi = {10.1038/s41598-020-70318-1},
  langid = {undefined}
}

@article{Amann1995,
  title = {Phylogenetic identification and in situ detection of individual microbial cells without cultivation},
  author = {Amann, R I and Ludwig, W and Schleifer, K H},
  date = {1995-03},
  journaltitle = {Microbiological Reviews},
  shortjournal = {Microbiol. Rev.},
  volume = {59},
  number = {1},
  pages = {143--169},
  issn = {0146-0749},
  doi = {10.1128/mr.59.1.143-169.1995},
  langid = {undefined}
}

@article{Apprill2015,
  title = {Minor revision to {{V4}} region {{SSU rRNA 806R}} gene primer greatly increases detection of {{SAR11}} bacterioplankton},
  author = {Apprill, A and McNally, S and Parsons, R and Weber, L},
  date = {2015-06},
  journaltitle = {Aquatic Microbial Ecology},
  shortjournal = {Aquat. Microb. Ecol.},
  volume = {75},
  number = {2},
  pages = {129--137},
  issn = {0948-3055},
  doi = {10.3354/ame01753},
  langid = {undefined}
}

@book{Arber1920,
  title = {Water plants: a study of aquatic angiosperms},
  author = {Arber, Agnes},
  namea = {{Wellesley College Library}},
  nameatype = {collaborator},
  date = {1920},
  publisher = {Cambridge University Press},
  langid = {undefined},
  pagetotal = {436}
}

@article{Arndt2013,
  title = {Quantifying the degradation of organic matter in marine sediments: a review and synthesis},
  shorttitle = {Quantifying the degradation of organic matter in marine sediments},
  author = {Arndt, Sandra and Jørgensen, B. B. and LaRowe, D. E. and Middelburg, J. J. and Pancost, R. D. and Regnier, P.},
  date = {2013-08-01},
  journaltitle = {Earth-Science Reviews},
  shortjournal = {Earth-Sci. Rev.},
  volume = {123},
  pages = {53--86},
  issn = {0012-8252},
  doi = {10.1016/j.earscirev.2013.02.008},
  langid = {undefined}
}

@article{Arnosti2011,
  title = {Microbial extracellular enzymes and the marine carbon cycle},
  author = {Arnosti, Carol},
  date = {2011-01-15},
  journaltitle = {Annual Review of Marine Science},
  shortjournal = {Annu. Rev. Mar. Sci.},
  volume = {3},
  pages = {401--425},
  publisher = {Annual Reviews},
  issn = {1941-1405, 1941-0611},
  doi = {10.1146/annurev-marine-120709-142731},
  langid = {undefined}
}

@article{Aspeborg2012,
  title = {Evolution, substrate specificity and subfamily classification of glycoside hydrolase family 5 ({{GH5}})},
  author = {Aspeborg, Henrik and Coutinho, Pedro M. and Wang, Yang and Brumer, Harry and Henrissat, Bernard},
  date = {2012-09-20},
  journaltitle = {BMC Evolutionary Biology},
  shortjournal = {BMC Evol. Biol.},
  volume = {12},
  number = {1},
  pages = {186},
  issn = {1471-2148},
  doi = {10.1186/1471-2148-12-186},
  langid = {undefined}
}

@article{Bargiela2015,
  title = {Metaproteomics and metabolomics analyses of chronically petroleum-polluted sites reveal the importance of general anaerobic processes uncoupled with degradation},
  author = {Bargiela, Rafael and Herbst, Florian-Alexander and Martínez-Martínez, Mónica and Seifert, Jana and Rojo, David and Cappello, Simone and Genovese, María and Crisafi, Francesca and Denaro, Renata and Chernikova, Tatyana N and Barbas, Coral and family=Bergen, given=Martin, prefix=von, useprefix=true and Yakimov, Michail M and Ferrer, Manuel and Golyshin, Peter N},
  date = {2015-10},
  journaltitle = {Proteomics},
  volume = {15},
  number = {20},
  pages = {3508--3520},
  issn = {1615-9853},
  doi = {10.1002/pmic.201400614},
  langid = {undefined}
}

@article{Barsanti2007,
  title = {Measuring change of {{Mediterranean}} coastal biodiversity: diachronic mapping of the meadow of the seagrass {{{\mkbibemph{Cymodocea nodosa}} (Ucria) Ascherson in the Gulf of Tigullio (Ligurian Sea, NW Mediterranean)}}},
  shorttitle = {Measuring change of mediterranean coastal biodiversity},
  author = {Barsanti, Mattia and Delbono, Ivana and Ferretti, Ornella and Peirano, Andrea and Bianchi, Carlo Nike and Morri, Carla},
  date = {2007-04-01},
  journaltitle = {Hydrobiologia},
  volume = {580},
  number = {1},
  pages = {35--41},
  issn = {1573-5117},
  doi = {10.1007/s10750-006-0467-7},
  langid = {undefined}
}

@article{Bent2008,
  title = {The tragedy of the uncommon: understanding limitations in the analysis of microbial diversity},
  shorttitle = {The tragedy of the uncommon},
  author = {Bent, Stephen J. and Forney, Larry J.},
  date = {2008-07},
  journaltitle = {The ISME Journal},
  shortjournal = {ISME J.},
  volume = {2},
  number = {7},
  pages = {689--695},
  publisher = {Nature Publishing Group},
  issn = {1751-7370},
  doi = {10.1038/ismej.2008.44},
  langid = {undefined}
}

@article{Berger1990,
  title = {Export production: seasonality and intermittency, and paleoceanographic implications},
  shorttitle = {Export production},
  author = {Berger, W. H. and Wefer, G.},
  date = {1990-12-01},
  journaltitle = {Global and Planetary Change},
  shortjournal = {Glob. Planet. Change},
  series = {Geosphere {{Fluctuations}}: {{Short Term Instabilities}} in the {{Earth}}'s {{System}}},
  volume = {3},
  number = {3},
  pages = {245--254},
  issn = {0921-8181},
  doi = {10.1016/0031-0182(90)90065-F},
  langid = {undefined}
}

@article{Berlemont2016,
  title = {Glycoside hydrolases across environmental microbial communities},
  author = {Berlemont, Renaud and Martiny, Adam C.},
  date = {2016-12-19},
  journaltitle = {PLOS Computational Biology},
  shortjournal = {PLoS Comput. Biol.},
  volume = {12},
  number = {12},
  pages = {e1005300},
  publisher = {Public Library of Science},
  issn = {1553-7358},
  doi = {10.1371/journal.pcbi.1005300},
  langid = {undefined}
}

@article{Beulig2018,
  title = {Control on rate and pathway of anaerobic organic carbon degradation in the seabed},
  author = {Beulig, F. and Røy, H. and Glombitza, C. and Jørgensen, B. B.},
  date = {2018-01-09},
  journaltitle = {Proceedings of the National Academy of Sciences of the United States of America},
  shortjournal = {Proc. Natl. Acad. Sci. U. S. A.},
  volume = {115},
  number = {2},
  pages = {367--372},
  publisher = {Proceedings of the National Academy of Sciences},
  doi = {10.1073/pnas.1715789115},
  langid = {undefined}
}

@article{Bienhold2016,
  title = {Diversity and biogeography of bathyal and abyssal seafloor bacteria},
  author = {Bienhold, Christina and Zinger, Lucie and Boetius, Antje and Ramette, Alban},
  editor = {Kellogg, Christina A.},
  date = {2016-01-27},
  journaltitle = {PLOS One},
  shortjournal = {PLoS One},
  volume = {11},
  number = {1},
  pages = {e0148016},
  issn = {1932-6203},
  doi = {10.1371/journal.pone.0148016},
  langid = {undefined}
}

@article{Blackburn1994,
  title = {Active mineral cycling in a {{Jamaican}} seagrass sediment},
  author = {Blackburn, T. H. and Nedwell, D. B. and Wiebe, W. J.},
  date = {1994},
  journaltitle = {Marine Ecology Progress Series},
  shortjournal = {Mar. Ecol. Prog. Ser.},
  volume = {110},
  number = {2--3},
  pages = {233--239},
  publisher = {Inter-Research Science Center},
  issn = {0171-8630},
  doi = {10.3354/meps110233},
  langid = {undefined}
}

@article{Borum2005,
  title = {The potential role of plant oxygen and sulphide dynamics in die-off events of the tropical seagrass, {{{\mkbibemph{Thalassia testudinum}}}}},
  author = {Borum, J. and Pedersen, O. and Greve, T. M. and Frankovich, T. A. and Zieman, J. C. and Fourqurean, J. W. and Madden, C. J.},
  date = {2005},
  journaltitle = {Journal of Ecology},
  shortjournal = {J. Ecol.},
  volume = {93},
  number = {1},
  pages = {148--158},
  publisher = {[Wiley, British Ecological Society]},
  issn = {0022-0477},
  doi = {10.1111/j.1365-2745.2004.00943.x},
  langid = {undefined}
}

@article{Boudouresque2009,
  title = {Regression of {{Mediterranean}} seagrasses caused by natural processes and anthropogenic disturbances and stress: a critical review},
  shorttitle = {Regression of {{Mediterranean}} seagrasses caused by natural processes and anthropogenic disturbances and stress},
  author = {Boudouresque, Charles F. and Bernard, Guillaume and Pergent, Gérard and Shili, Abdessalem and Verlaque, Marc},
  date = {2009-11-01},
  journaltitle = {Botanica Marina},
  shortjournal = {Bot. Mar.},
  volume = {52},
  number = {5},
  pages = {395--418},
  publisher = {Walter de Gruyter},
  issn = {1437-4323},
  doi = {10.1515/BOT.2009.057},
  langid = {undefined}
}

@article{Boudreau1998,
  title = {Mean mixed depth of sediments: the wherefore and the why},
  shorttitle = {Mean mixed depth of sediments},
  author = {Boudreau, Bernard P.},
  date = {1998},
  journaltitle = {Limnology and Oceanography},
  shortjournal = {Limnol. Oceanogr.},
  volume = {43},
  number = {3},
  pages = {524--526},
  issn = {1939-5590},
  doi = {10.4319/lo.1998.43.3.0524},
  langid = {undefined}
}

@article{Bourque2015,
  title = {Microbial community structure and dynamics in restored subtropical seagrass sediments},
  author = {Bourque, Amanda S. and Vega-Thurber, Rebecca and Fourqurean, James W.},
  date = {2015-01-12},
  journaltitle = {Aquatic Microbial Ecology},
  shortjournal = {Aquat. Microb. Ecol.},
  volume = {74},
  number = {1},
  pages = {43--57},
  issn = {0948-3055, 1616-1564},
  doi = {10.3354/ame01725},
  langid = {undefined}
}

@article{Bowen2011,
  title = {Microbial community composition in sediments resists perturbation by nutrient enrichment},
  author = {Bowen, Jennifer L and Ward, Bess B and Morrison, Hilary G and Hobbie, John E and Valiela, Ivan and Deegan, Linda A and Sogin, Mitchell L},
  date = {2011-09-01},
  journaltitle = {The ISME Journal},
  shortjournal = {ISME J.},
  volume = {5},
  number = {9},
  pages = {1540--1548},
  issn = {1751-7362},
  doi = {10.1038/ismej.2011.22},
  langid = {undefined}
}

@article{Bowles2014,
  title = {Global rates of marine sulfate reduction and implications for sub-sea-floor metabolic activities},
  author = {Bowles, Marshall W. and Mogollón, José M. and Kasten, Sabine and Zabel, Matthias and Hinrichs, Kai-Uwe},
  date = {2014-05-23},
  journaltitle = {Science},
  volume = {344},
  number = {6186},
  pages = {889--891},
  issn = {1095-9203},
  doi = {10.1126/science.1249213},
  langid = {undefined}
}

@article{Bradley2019,
  title = {Survival of the fewest: microbial dormancy and maintenance in marine sediments through deep time},
  shorttitle = {Survival of the fewest},
  author = {Bradley, James A. and Amend, Jan P. and LaRowe, Douglas E.},
  date = {2019},
  journaltitle = {Geobiology},
  volume = {17},
  number = {1},
  pages = {43--59},
  issn = {1472-4669},
  doi = {10.1111/gbi.12313},
  langid = {undefined}
}

@article{Brodersen2015,
  title = {Epiphyte-cover on seagrass ({{{\mkbibemph{Zostera marina}}}} {{L}}.) leaves impedes plant performance and radial {{O}}{\textsubscript{2}} loss from the below-ground tissue},
  author = {Brodersen, Kasper E. and Lichtenberg, Mads and Paz, Laura-Carlota and Kühl, Michael},
  date = {2015-08-20},
  journaltitle = {Frontiers in Marine Science},
  shortjournal = {Front. Mar. Sci.},
  volume = {2},
  pages = {58},
  issn = {2296-7745},
  doi = {10.3389/fmars.2015.00058},
  langid = {undefined}
}

@article{Cancemi2002,
  title = {Structure and growth dynamics of {{{\mkbibemph{Cymodocea nodosa}}}} meadows},
  author = {Cancemi, Gianluigi and Buia, Maria Cristina and Mazzella, Lucia},
  date = {2002-12-30},
  journaltitle = {Scientia Marina},
  shortjournal = {Sci. Mar.},
  volume = {66},
  number = {4},
  pages = {365--373},
  issn = {1886-8134},
  doi = {10.3989/scimar.2002.66n4365},
  langid = {undefined}
}

@article{Canfield1993,
  title = {The anaerobic degradation of organic matter in {{Danish}} coastal sediments: iron reduction, manganese reduction, and sulfate reduction},
  shorttitle = {The anaerobic degradation of organic matter in {{Danish}} coastal sediments},
  author = {Canfield, Donald E. and Thamdrup, Bo and Hansen, Jens W.},
  date = {1993-08-01},
  journaltitle = {Geochimica et Cosmochimica Acta},
  shortjournal = {Geochim. Cosmochim. Acta},
  volume = {57},
  number = {16},
  pages = {3867--3883},
  issn = {0016-7037},
  doi = {10.1016/0016-7037(93)90340-3},
  langid = {undefined}
}

@article{Cangelosi2014,
  title = {Dead or alive: molecular assessment of microbial viability},
  shorttitle = {Dead or alive},
  author = {Cangelosi, Gerard A. and Meschke, John S.},
  date = {2014-10},
  journaltitle = {Applied and Environmental Microbiology},
  shortjournal = {Appl. Environ. Microbiol.},
  volume = {80},
  number = {19},
  pages = {5884--5891},
  issn = {1098-5336},
  doi = {10.1128/AEM.01763-14},
  langid = {undefined}
}

@article{Capo-Bauca2022,
  title = {Correlative adaptation between {{Rubisco}} and {{CO}}{\textsubscript{2}}-concentrating mechanisms in seagrasses},
  author = {Capó-Bauçà, Sebastià and Iñiguez, Concepción and Aguiló-Nicolau, Pere and Galmés, Jeroni},
  date = {2022-06},
  journaltitle = {Nature Plants},
  shortjournal = {Nat. Plants},
  volume = {8},
  number = {6},
  pages = {706--716},
  issn = {2055-0278},
  doi = {10.1038/s41477-022-01171-5},
  langid = {undefined}
}

@article{Carini2016,
  title = {Relic {{DNA}} is abundant in soil and obscures estimates of soil microbial diversity},
  author = {Carini, Paul and Marsden, Patrick J. and Leff, Jonathan W. and Morgan, Emily E. and Strickland, Michael S. and Fierer, Noah},
  date = {2016-12-19},
  journaltitle = {Nature Microbiology},
  shortjournal = {Nat. Microbiol.},
  volume = {2},
  number = {3},
  pages = {16242},
  issn = {2058-5276},
  doi = {10.1038/nmicrobiol.2016.242},
  langid = {undefined}
}

@article{Carlson1994,
  title = {Relationship of sediment sulfide to mortality of {{{\mkbibemph{Thalassia testudinum}} in Florida Bay}}},
  author = {family=Carlson, given=Jr., given-i={{Jr}}, suffix=Paul R. and Yarbro, Laura A. and Barber, Timothy R.},
  date = {1994-05-01},
  journaltitle = {Bulletin of Marine Science},
  shortjournal = {Bull. Mar. Sci.},
  volume = {54},
  number = {3},
  pages = {733--746},
  langid = {undefined}
}

@article{Cebrian1996,
  title = {Herbivory on the seagrass {{{\mkbibemph{Cymodocea nodosa}} (Ucria) Ascherson in contrasting Spanish Mediterranean habitats}}},
  author = {Cebrián, Just and Duarte, Carlos M. and Marbà, Núria},
  date = {1996-10-25},
  journaltitle = {Journal of Experimental Marine Biology and Ecology},
  shortjournal = {J. Exp. Mar. Biol. Ecol.},
  volume = {204},
  number = {1},
  pages = {103--111},
  issn = {0022-0981},
  doi = {10.1016/0022-0981(96)02574-9},
  langid = {undefined}
}

@article{Cerqueira2018,
  title = {Metagenomic signatures of microbial communities in deep-sea hydrothermal sediments of {{Azores}} vent fields},
  author = {Cerqueira, Teresa and Barroso, Cristina and Froufe, Hugo and Egas, Conceição and Bettencourt, Raul},
  date = {2018-08},
  journaltitle = {Microbial Ecology},
  shortjournal = {Microb. Ecol.},
  volume = {76},
  number = {2},
  pages = {387--403},
  issn = {1432-184X},
  doi = {10.1007/s00248-018-1144-x},
  langid = {undefined}
}

@article{Chefaoui2018,
  title = {Dramatic loss of seagrass habitat under projected climate change in the {{Mediterranean Sea}}},
  author = {Chefaoui, Rosa M. and Duarte, Carlos M. and Serrão, Ester A.},
  date = {2018},
  journaltitle = {Global Change Biology},
  shortjournal = {Glob. Change Biol.},
  volume = {24},
  number = {10},
  pages = {4919--4928},
  issn = {1365-2486},
  doi = {10.1111/gcb.14401},
  langid = {undefined}
}

@article{Chen2017,
  title = {Bioturbation as a key driver behind the dominance of bacteria over archaea in near-surface sediment},
  author = {Chen, Xihan and Andersen, Thorbjørn Joest and Morono, Yuki and Inagaki, Fumio and Jørgensen, Bo Barker and Lever, Mark Alexander},
  date = {2017-05-25},
  journaltitle = {Scientific Reports},
  shortjournal = {Sci. Rep.},
  volume = {7},
  number = {1},
  pages = {2400},
  publisher = {Nature Publishing Group},
  issn = {2045-2322},
  doi = {10.1038/s41598-017-02295-x},
  langid = {undefined}
}

@article{Chourey2010,
  title = {Direct cellular lysis/protein extraction protocol for soil metaproteomics},
  author = {Chourey, Karuna and Jansson, Janet and VerBerkmoes, Nathan and Shah, Manesh and Chavarria, Krystle L. and Tom, Lauren M. and Brodie, Eoin L. and Hettich, Robert L.},
  date = {2010-12-03},
  journaltitle = {Journal of Proteome Research},
  shortjournal = {J. Proteome Res.},
  volume = {9},
  number = {12},
  pages = {6615--6622},
  issn = {1535-3907},
  doi = {10.1021/pr100787q},
  langid = {undefined}
}

@article{Costa2015,
  title = {Epiphytes modulate {{{\mkbibemph{Posidonia oceanica}}}} photosynthetic production, energetic balance, antioxidant mechanisms, and oxidative damage},
  author = {Costa, Monya M. and Barrote, Isabel and Silva, João and Olivé, Irene and Alexandre, Ana and Albano, Sílvia and Santos, Rui},
  date = {2015-12-21},
  journaltitle = {Frontiers in Marine Science},
  shortjournal = {Front. Mar. Sci.},
  volume = {2},
  pages = {111},
  publisher = {Frontiers},
  issn = {2296-7745},
  doi = {10.3389/fmars.2015.00111},
  langid = {undefined}
}

@article{Cucio2016,
  title = {Rhizosphere microbiomes of {{European}} seagrasses are selected by the plant, but are not species specific},
  author = {Cúcio, Catarina and Engelen, Aschwin H. and Costa, Rodrigo and Muyzer, Gerard},
  date = {2016-03-31},
  journaltitle = {Frontiers in Microbiology},
  shortjournal = {Front. Microbiol.},
  volume = {7},
  pages = {440},
  publisher = {Frontiers Media S.A.},
  issn = {1664-302X},
  doi = {10.3389/fmicb.2016.00440},
  langid = {undefined}
}

@article{Curiel2021,
  title = {Marine seagrasses transplantation in confined and coastal {{Adriatic}} environments: methods and results},
  shorttitle = {Marine seagrasses transplantation in confined and coastal adriatic environments},
  author = {Curiel, Daniele and Kraljević Pavelić, Sandra and Kovačev, Agata and Miotti, Chiara and Rismondo, Andrea},
  date = {2021-01},
  journaltitle = {Water},
  volume = {13},
  number = {16},
  pages = {2289},
  publisher = {Multidisciplinary Digital Publishing Institute},
  issn = {2073-4441},
  doi = {10.3390/w13162289},
  langid = {undefined}
}

@article{Danovaro2020,
  title = {Multiple declines and recoveries of {{Adriatic}} seagrass meadows over forty years of investigation},
  author = {Danovaro, Roberto and Nepote, Ettore and Martire, Marco Lo and Carugati, Laura and Da Ros, Zaira and Torsani, Fabrizio and Dell'Anno, Antonio and Corinaldesi, Cinzia},
  date = {2020-12-01},
  journaltitle = {Marine Pollution Bulletin},
  shortjournal = {Mar. Pollut. Bull.},
  volume = {161},
  number = {B},
  pages = {111804},
  issn = {0025-326X},
  doi = {10.1016/j.marpolbul.2020.111804},
  langid = {undefined}
}

@article{Davidson2004,
  title = {{{ATP-binding}} cassette transporters in bacteria},
  author = {Davidson, Amy L. and Chen, Jue},
  date = {2004},
  journaltitle = {Annual Review of Biochemistry},
  shortjournal = {Annu. Rev. Biochem.},
  volume = {73},
  pages = {241--268},
  issn = {0066-4154},
  doi = {10.1146/annurev.biochem.73.011303.073626},
  langid = {undefined}
}

@article{Delille1996,
  title = {Comparison of planktonic and benthic bacterial communities associated with a mediterranean {{{\mkbibemph{Posidonia}}}} seagrass system},
  author = {Delille, D. and Canon, C. and Windeshausen, F.},
  date = {1996},
  journaltitle = {Botanica Marina},
  shortjournal = {Bot. Mar.},
  volume = {39},
  number = {3},
  pages = {239--249},
  publisher = {De Gruyter},
  issn = {1437-4323},
  doi = {10.1515/botm.1996.39.1-6.239},
  langid = {undefined}
}

@article{DellAnno2002,
  title = {Quantification, base composition, and fate of extracellular {{DNA}} in marine sediments},
  author = {Dell’Anno, Antonio and Stefano, Bompadre and Danovaro, Roberto},
  date = {2002},
  journaltitle = {Limnology and Oceanography},
  shortjournal = {Limnol. Oceanogr.},
  volume = {47},
  number = {3},
  pages = {899--905},
  issn = {1939-5590},
  doi = {10.4319/lo.2002.47.3.0899},
  langid = {undefined}
}

@article{DellAnno2005,
  title = {Extracellular {{DNA}} plays a key role in deep-sea ecosystem functioning},
  author = {Dell'Anno, Antonio and Danovaro, Roberto},
  date = {2005-09-30},
  journaltitle = {Science},
  volume = {309},
  number = {5744},
  pages = {2179},
  issn = {1095-9203},
  doi = {10.1126/science.1117475},
  langid = {undefined}
}

@article{delosSantos2019,
  title = {Recent trend reversal for declining {{European}} seagrass meadows},
  author = {family=Santos, given=Carmen B., prefix=de los, useprefix=true and Krause-Jensen, Dorte and Alcoverro, Teresa and Marbà, Núria and Duarte, Carlos M. and family=Katwijk, given=Marieke M., prefix=van, useprefix=true and Pérez, Marta and Romero, Javier and Sánchez-Lizaso, José L. and Roca, Guillem and Jankowska, Emilia and Pérez-Lloréns, José Lucas and Fournier, Jérôme and Montefalcone, Monica and Pergent, Gérard and Ruiz, Juan M. and Cabaço, Susana and Cook, Kevan and Wilkes, Robert J. and Moy, Frithjof E. and Trayter, Gregori Muñoz-Ramos and Arañó, Xavier Seglar and family=Jong, given=Dick J., prefix=de, useprefix=true and Fernández-Torquemada, Yolanda and Auby, Isabelle and Vergara, Juan J. and Santos, Rui},
  date = {2019-07-26},
  journaltitle = {Nature Communications},
  shortjournal = {Nat. Commun.},
  volume = {10},
  number = {1},
  pages = {3356},
  publisher = {Nature Publishing Group},
  issn = {2041-1723},
  doi = {10.1038/s41467-019-11340-4},
  langid = {undefined}
}

@book{denHartog1970,
  title = {The sea-grasses of the world},
  author = {family=Hartog, given=Cornelis, prefix=den, useprefix=true},
  date = {1970},
  series = {Verhandelingen der {{Koninklijke Nederlandse Akademie}} van {{Wetenschappen}}, {{Afd}}. {{Natuurkunde}}, {{Tweede}} reeks ; deel 59, no. 1},
  publisher = {North-Holland Publishing Company},
  location = {Amsterdam, London},
  langid = {undefined},
  pagetotal = {275}
}

@incollection{denHartog2006,
  title = {Taxonomy and biogeography of seagrasses},
  booktitle = {Seagrasses: biology, ecology and conservation},
  author = {family=Hartog, given=C., prefix=den, useprefix=true and Kuo, John},
  editor = {Larkum, Anthony W.D. and Orth, Robert J. and Duarte, Carlos M.},
  date = {2006},
  pages = {1--23},
  publisher = {Springer},
  location = {Dordrecht},
  doi = {10.1007/978-1-4020-2983-7_1},
  isbn = {978-1-4020-2983-7},
  langid = {undefined}
}

@article{Dennison1993,
  title = {Assessing water quality with submersed aquatic vegetation: habitat requirements as barometers of {{Chesapeake Bay}} health},
  shorttitle = {Assessing water quality with submersed aquatic vegetation},
  author = {Dennison, William C. and Orth, Robert J. and Moore, Kenneth A. and Stevenson, J. Court and Carter, Virginia and Kollar, Stan and Bergstrom, Peter W. and Batiuk, Richard A.},
  date = {1993-02-01},
  journaltitle = {BioScience},
  volume = {43},
  number = {2},
  pages = {86--94},
  issn = {0006-3568},
  doi = {10.2307/1311969},
  langid = {undefined}
}

@article{DHondt2009,
  title = {Subseafloor sedimentary life in the {{South Pacific Gyre}}},
  author = {D'Hondt, Steven and Spivack, Arthur J. and Pockalny, Robert and Ferdelman, Timothy G. and Fischer, Jan P. and Kallmeyer, Jens and Abrams, Lewis J. and Smith, David C. and Graham, Dennis and Hasiuk, Franciszek and Schrum, Heather and Stancin, Andrea M.},
  date = {2009-07-14},
  journaltitle = {Proceedings of the National Academy of Sciences of the United States of America},
  shortjournal = {Proc. Natl. Acad. Sci. U. S. A.},
  volume = {106},
  number = {28},
  pages = {11651--11656},
  publisher = {Proceedings of the National Academy of Sciences},
  doi = {10.1073/pnas.0811793106},
  langid = {undefined}
}

@article{DHondt2015,
  title = {Presence of oxygen and aerobic communities from sea floor to basement in deep-sea sediments},
  author = {D'Hondt, Steven and Inagaki, Fumio and Zarikian, Carlos Alvarez and Abrams, Lewis J. and Dubois, Nathalie and Engelhardt, Tim and Evans, Helen and Ferdelman, Timothy and Gribsholt, Britta and Harris, Robert N. and Hoppie, Bryce W. and Hyun, Jung Ho and Kallmeyer, Jens and Kim, Jinwook and Lynch, Jill E. and McKinley, Claire C. and Mitsunobu, Satoshi and Morono, Yuki and Murray, Richard W. and Pockalny, Robert and Sauvage, Justine and Shimono, Takaya and Shiraishi, Fumito and Smith, David C. and Smith-Duque, Christopher E. and Spivack, Arthur J. and Steinsbu, Bjorn Olav and Suzuki, Yohey and Szpak, Michal and Toffin, Laurent and Uramoto, Goichiro and Yamaguchi, Yasuhiko T. and Zhang, Guo Liang and Zhang, Xiao Hua and Ziebis, Wiebke},
  date = {2015-04-04},
  journaltitle = {Nature Geoscience},
  shortjournal = {Nat. Geosci.},
  volume = {8},
  number = {4},
  pages = {299--304},
  issn = {1752-0894},
  doi = {10.1038/ngeo2387},
  langid = {undefined}
}

@article{Drula2022,
  title = {The carbohydrate-active enzyme database: functions and literature},
  shorttitle = {The carbohydrate-active enzyme database},
  author = {Drula, Elodie and Garron, Marie-Line and Dogan, Suzan and Lombard, Vincent and Henrissat, Bernard and Terrapon, Nicolas},
  date = {2022-01-07},
  journaltitle = {Nucleic Acids Research},
  shortjournal = {Nucleic Acids Res.},
  volume = {50},
  number = {D1},
  pages = {D571-D577},
  issn = {0305-1048},
  doi = {10.1093/nar/gkab1045},
  langid = {undefined}
}

@article{Duarte2002,
  title = {The future of seagrass meadows},
  author = {Duarte, Carlos M.},
  date = {2002-06},
  journaltitle = {Environmental Conservation},
  shortjournal = {Environ. Conserv.},
  volume = {29},
  number = {2},
  pages = {192--206},
  publisher = {Cambridge University Press},
  issn = {1469-4387, 0376-8929},
  doi = {10.1017/S0376892902000127},
  langid = {undefined}
}

@incollection{Duarte2005,
  title = {Plant–microbe interactions in seagrass meadows},
  booktitle = {Interactions between macro- and microorganisms in marine sediments},
  author = {Duarte, Carlos M. and Holmer, Marianne and Marbà, Núria},
  editor = {Kristensenn, Erik and Haese, Ralf R. and Kostka, Joel E.},
  date = {2005},
  pages = {31--60},
  publisher = {American Geophysical Union},
  doi = {10.1029/CE060},
  isbn = {978-1-118-66544-2},
  langid = {undefined}
}

@article{Duarte2005a,
  title = {Major role of marine vegetation on the oceanic carbon cycle},
  author = {Duarte, C. M. and Middelburg, J. J. and Caraco, N.},
  date = {2005-02-01},
  journaltitle = {Biogeosciences},
  volume = {2},
  number = {1},
  pages = {1--8},
  publisher = {Copernicus GmbH},
  issn = {1726-4170},
  doi = {10.5194/bg-2-1-2005},
  langid = {undefined}
}

@article{Duarte2013,
  title = {Assessing the capacity of seagrass meadows for carbon burial: current limitations and future strategies},
  shorttitle = {Assessing the capacity of seagrass meadows for carbon burial},
  author = {Duarte, Carlos M. and Kennedy, Hilary and Marbà, Núria and Hendriks, Iris},
  date = {2013-10-01},
  journaltitle = {Ocean \& Coastal Management},
  shortjournal = {Ocean Coastal Manage.},
  volume = {83},
  pages = {32--38},
  issn = {0964-5691},
  doi = {10.1016/j.ocecoaman.2011.09.001},
  langid = {undefined}
}

@article{Dunic2021,
  title = {Long-term declines and recovery of meadow area across the world’s seagrass bioregions},
  author = {Dunic, Jillian C. and Brown, Christopher J. and Connolly, Rod M. and Turschwell, Mischa P. and Côté, Isabelle M.},
  date = {2021},
  journaltitle = {Global Change Biology},
  shortjournal = {Glob. Change Biol.},
  volume = {27},
  number = {17},
  pages = {4096--4109},
  issn = {1365-2486},
  doi = {10.1111/gcb.15684},
  langid = {undefined}
}

@article{Durbin2011,
  title = {Microbial diversity and stratification of {{South Pacific}} abyssal marine sediments},
  author = {Durbin, Alan M. and Teske, Andreas},
  date = {2011-12},
  journaltitle = {Environmental Microbiology},
  shortjournal = {Environ. Microbiol.},
  volume = {13},
  number = {12},
  pages = {3219--3234},
  issn = {1462-2920},
  doi = {10.1111/j.1462-2920.2011.02544.x},
  langid = {undefined}
}

@article{Dyksma2016,
  title = {Ubiquitous {{{\mkbibemph{Gammaproteobacteria}}}} dominate dark carbon fixation in coastal sediments},
  author = {Dyksma, Stefan and Bischof, Kerstin and Fuchs, Bernhard M and Hoffmann, Katy and Meier, Dimitri and Meyerdierks, Anke and Pjevac, Petra and Probandt, David and Richter, Michael and Stepanauskas, Ramunas and Mußmann, Marc},
  date = {2016-08},
  journaltitle = {The ISME Journal},
  shortjournal = {ISME J.},
  volume = {10},
  number = {8},
  pages = {1939--1953},
  doi = {10.1038/ismej.2015.257}
}

@article{Egger2018,
  title = {Global diffusive fluxes of methane in marine sediments},
  author = {Egger, Matthias and Riedinger, Natascha and Mogollón, José M. and Jørgensen, Bo Barker},
  date = {2018-06},
  journaltitle = {Nature Geoscience},
  shortjournal = {Nat. Geosci.},
  volume = {11},
  number = {6},
  pages = {421--425},
  issn = {1752-0908},
  doi = {10.1038/s41561-018-0122-8},
  langid = {undefined}
}

@article{Ettinger2017,
  title = {Microbial communities in sediment from {{{\mkbibemph{Zostera marina}}}} patches, but not the {{{\mkbibemph{Z. marina}}}} leaf or root microbiomes, vary in relation to distance from patch edge},
  author = {Ettinger, Cassandra L and Voerman, Sofie E and Lang, Jenna M and Stachowicz, John J and Eisen, Jonathan A},
  date = {2017-04},
  journaltitle = {PeerJ},
  volume = {5},
  pages = {e3246},
  issn = {2167-8359},
  doi = {10.7717/peerj.3246},
  langid = {undefined}
}

@article{Ferguson1984,
  title = {Response of marine bacterioplankton to differential filtration and confinement},
  author = {Ferguson, R. L. and Buckley, E. N. and Palumbo, A. V.},
  date = {1984-01},
  journaltitle = {Applied and Environmental Microbiology},
  shortjournal = {Appl. Environ. Microbiol.},
  volume = {47},
  number = {1},
  pages = {49--55},
  issn = {0099-2240},
  doi = {10.1128/aem.47.1.49-55.1984},
  langid = {undefined}
}

@article{Fraser2018,
  title = {Metagenomic evidence of microbial community responsiveness to phosphorus and salinity gradients in seagrass sediments},
  author = {Fraser, Matthew W. and Gleeson, Deirdre B. and Grierson, Pauline F. and Laverock, Bonnie and Kendrick, Gary A.},
  date = {2018-07},
  journaltitle = {Frontiers in Microbiology},
  shortjournal = {Front. Microbiol.},
  volume = {9},
  pages = {1703},
  issn = {1664-302X},
  doi = {10.3389/fmicb.2018.01703},
  langid = {undefined}
}

@article{Fritsch1895,
  title = {Über die Auffindung einer marinen Hydrocharidee im Mittelmeer},
  author = {Fritsch, Carl},
  date = {1895},
  journaltitle = {Verhandlungen der kaiserlich-königlichen zoologisch-botanischen Gesellschaft in Wien},
  shortjournal = {Verhandlungen Kais.-K. Zool.-Bot. Ges. Wien},
  volume = {45},
  pages = {104--106},
  langid = {german}
}

@article{Froelich1979,
  title = {Early oxidation of organic matter in pelagic sediments of the eastern equatorial {{Atlantic}}: suboxic diagenesis},
  shorttitle = {Early oxidation of organic matter in pelagic sediments of the eastern equatorial atlantic},
  author = {Froelich, P. N. and Klinkhammer, G. P. and Bender, M. L. and Luedtke, N. A. and Heath, G. R. and Cullen, Doug and Dauphin, Paul and Hammond, Doug and Hartman, Blayne and Maynard, Val},
  date = {1979-07-01},
  journaltitle = {Geochimica et Cosmochimica Acta},
  shortjournal = {Geochim. Cosmochim. Acta},
  volume = {43},
  number = {7},
  pages = {1075--1090},
  issn = {0016-7037},
  doi = {10.1016/0016-7037(79)90095-4},
  langid = {undefined}
}

@article{Garcia-Martinez2009,
  title = {Bacterial community dynamics in a seagrass ({{{\mkbibemph{Posidonia oceanica}}}}) meadow sediment},
  author = {García-Martínez, Micaela and López-López, Arantxa and Calleja, María Ll. and Marbà, Núria and Duarte, Carlos M.},
  date = {2009-03},
  journaltitle = {Estuaries and Coasts},
  shortjournal = {Estuaries Coasts},
  volume = {32},
  number = {2},
  pages = {276--286},
  publisher = {Springer-Verlag},
  issn = {1559-2723},
  doi = {10.1007/s12237-008-9115-y},
  langid = {undefined}
}

@article{Gihring2009,
  title = {Identification of phytodetritus-degrading microbial communities in sublittoral {{Gulf}} of {{Mexico}} sands},
  author = {Gihring, Thomas M. and Humphrys, Mike and Mills, Heath J. and Huette, Markus and Kostka, Joel E.},
  date = {2009},
  journaltitle = {Limnology and Oceanography},
  shortjournal = {Limnol. Oceanogr.},
  volume = {54},
  number = {4},
  pages = {1073--1083},
  issn = {1939-5590},
  doi = {10.4319/lo.2009.54.4.1073},
  langid = {undefined}
}

@article{Glass2014,
  title = {Geochemical, metagenomic and metaproteomic insights into trace metal utilization by methane-oxidizing microbial consortia in sulphidic marine sediments},
  author = {Glass, Jennifer B. and Yu, Hang and Steele, Joshua A. and Dawson, Katherine S. and Sun, Shulei and Chourey, Karuna and Pan, Chongle and Hettich, Robert L. and Orphan, Victoria J.},
  date = {2014-06},
  journaltitle = {Environmental Microbiology},
  shortjournal = {Environ. Microbiol.},
  volume = {16},
  number = {6},
  pages = {1592--1611},
  issn = {1462-2920},
  doi = {10.1111/1462-2920.12314},
  langid = {undefined}
}

@article{Graue2012,
  title = {Degradation of cyanobacterial biomass in anoxic tidal-flat sediments: a microcosm study of metabolic processes and community changes},
  shorttitle = {Degradation of cyanobacterial biomass in anoxic tidal-flat sediments},
  author = {Graue, Jutta and Engelen, Bert and Cypionka, Heribert},
  date = {2012-03},
  journaltitle = {The ISME Journal},
  shortjournal = {ISME J.},
  volume = {6},
  number = {3},
  pages = {660--669},
  publisher = {Nature Publishing Group},
  issn = {1751-7370},
  doi = {10.1038/ismej.2011.120},
  langid = {undefined}
}

@article{Gray1996,
  title = {Phylogenetic analysis of the bacterial communities in marine sediments},
  author = {Gray, J P and Herwig, R P},
  date = {1996-11},
  journaltitle = {Applied and Environmental Microbiology},
  shortjournal = {Appl. Environ. Microbiol.},
  volume = {62},
  number = {11},
  pages = {4049--4059},
  publisher = {American Society for Microbiology},
  doi = {10.1128/aem.62.11.4049-4059.1996},
  langid = {undefined}
}

@book{Green2003,
  title = {World atlas of seagrasses},
  author = {Green, Edmund P. and Short, Frederick T.},
  date = {2003},
  publisher = {University of California Press},
  location = {Berkeley, Los Angeles, London},
  langid = {undefined}
}

@article{Guidetti2002,
  title = {Temporal dynamics and biomass partitioning in three {{Adriatic}} seagrass species: {{{\mkbibemph{Posidonia oceanica}}, {\mkbibemph{Cymodocea nodosa}}, {\mkbibemph{Zostera marina}}}}},
  shorttitle = {Temporal dynamics and biomass partitioning in three adriatic seagrass species},
  author = {Guidetti, Paolo and Lorenti, Maurizio and Buia, Maria Cristina and Mazzella, Lucia},
  date = {2002},
  journaltitle = {Marine Ecology},
  shortjournal = {Mar. Ecol.},
  volume = {23},
  number = {1},
  pages = {51--67},
  issn = {1439-0485},
  doi = {10.1046/j.1439-0485.2002.02722.x},
  langid = {undefined}
}

@online{Guiry2025,
  title = {{{AlgaeBase}}},
  author = {Guiry, M. D. and Guiry, G. M.},
  date = {2025},
  publisher = {World-wide electronic publication, University of Galway. \url{https://www.algaebase.org}; searched on 17 October 2025},
  langid = {undefined}
}

@article{Habibi2023,
  title = {Metagenomes from coastal sediments of {{Kuwait}}: insights into the microbiome, metabolic functions and resistome},
  shorttitle = {Metagenomes from coastal sediments of {{Kuwait}}},
  author = {Habibi, Nazima and Uddin, Saif and Al-Sarawi, Hanan and Aldhameer, Ahmed and Shajan, Anisha and Zakir, Farhana and Abdul Razzack, Nasreem and Alam, Faiz},
  date = {2023-02},
  journaltitle = {Microorganisms},
  volume = {11},
  number = {2},
  pages = {531},
  publisher = {Multidisciplinary Digital Publishing Institute},
  issn = {2076-2607},
  doi = {10.3390/microorganisms11020531},
  langid = {undefined}
}

@article{Halun2002,
  title = {Experimental evaluation of the effects of siltation-derived changes in sediment conditions on the {{Philippine}} seagrass {{{\mkbibemph{Cymodocea rotundata}}}}},
  author = {Halun, Zayda and Terrados, Jorge and Borum, Jens and Kamp-Nielsen, Lars and Duarte, Carlos M and Fortes, Miguel D},
  date = {2002-11-06},
  journaltitle = {Journal of Experimental Marine Biology and Ecology},
  shortjournal = {J. Exp. Mar. Biol. Ecol.},
  volume = {279},
  number = {1},
  pages = {73--87},
  issn = {0022-0981},
  doi = {10.1016/S0022-0981(02)00366-0},
  langid = {undefined}
}

@article{Hamdan2013,
  title = {Ocean currents shape the microbiome of {{Arctic}} marine sediments},
  author = {Hamdan, Leila J and Coffin, Richard B and Sikaroodi, Masoumeh and Greinert, Jens and Treude, Tina and Gillevet, Patrick M},
  date = {2013-04-01},
  journaltitle = {The ISME Journal},
  shortjournal = {ISME J.},
  volume = {7},
  number = {4},
  pages = {685--696},
  issn = {1751-7362},
  doi = {10.1038/ismej.2012.143},
  langid = {undefined}
}

@article{Hasler-Sheetal2015,
  title = {Sulfide intrusion and detoxification in the seagrass {{{\mkbibemph{Zostera marina}}}}},
  author = {Hasler-Sheetal, Harald and Holmer, Marianne},
  date = {2015-06-01},
  journaltitle = {PLOS One},
  shortjournal = {PLoS One},
  volume = {10},
  number = {6},
  pages = {e0129136},
  publisher = {Public Library of Science},
  issn = {1932-6203},
  doi = {10.1371/journal.pone.0129136},
  langid = {undefined}
}

@article{Heck2006,
  title = {Plant–herbivore interactions in seagrass meadows},
  author = {Heck, Kenneth L. and Valentine, John F.},
  date = {2006-03-07},
  journaltitle = {Journal of Experimental Marine Biology and Ecology},
  shortjournal = {J. Exp. Mar. Biol. Ecol.},
  series = {A {{Tribute}} to {{Richard M}}. {{Warwick}}},
  volume = {330},
  number = {1},
  pages = {420--436},
  issn = {0022-0981},
  doi = {10.1016/j.jembe.2005.12.044},
  langid = {undefined}
}

@article{Heidelberg2010,
  title = {Marine genomics: at the interface of marine microbial ecology and biodiscovery},
  shorttitle = {Marine genomics},
  author = {Heidelberg, Karla B. and Gilbert, Jack A. and Joint, Ian},
  date = {2010},
  journaltitle = {Microbial Biotechnology},
  shortjournal = {Microb. Biotechnol.},
  volume = {3},
  number = {5},
  pages = {531--543},
  issn = {1751-7915},
  doi = {10.1111/j.1751-7915.2010.00193.x},
  langid = {undefined}
}

@article{Hoehler2013,
  title = {Microbial life under extreme energy limitation},
  author = {Hoehler, Tori M. and Jørgensen, Bo Barker},
  date = {2013-02},
  journaltitle = {Nature Reviews Microbiology},
  shortjournal = {Nat. Rev. Microbiol.},
  volume = {11},
  number = {2},
  pages = {83--94},
  publisher = {Nature Publishing Group},
  issn = {1740-1534},
  doi = {10.1038/nrmicro2939},
  langid = {undefined}
}

@article{Holmer1997,
  title = {Sediment sulfur dynamics related to biomass-density patterns in {{{\mkbibemph{Zostera marina}}}} (eelgrass) beds},
  author = {Holmer, Marianne and Nielsen, Søren Laurentius},
  date = {1997-01-30},
  journaltitle = {Marine Ecology Progress Series},
  shortjournal = {Mar. Ecol. Prog. Ser.},
  volume = {146},
  number = {1--3},
  pages = {163--171},
  publisher = {Inter-Research Science Center},
  issn = {0171-8630},
  doi = {10.3354/meps146163},
  langid = {undefined}
}

@article{Holmer2001a,
  title = {Photosynthetic and growth response of eelgrass to low oxygen and high sulfide concentrations during hypoxic events},
  author = {Holmer, Marianne and Bondgaard, Elsebet Juhl},
  date = {2001-05-01},
  journaltitle = {Aquatic Botany},
  shortjournal = {Aquat. Bot.},
  volume = {70},
  number = {1},
  pages = {29--38},
  issn = {0304-3770},
  doi = {10.1016/S0304-3770(00)00142-X},
  langid = {undefined}
}

@article{Holmer2004,
  title = {Carbon cycling and bacterial carbon sources in pristine and impacted {{Mediterranean}} seagrass sediments},
  author = {Holmer, M. and Duarte, C. M. and Boschker, H. T. S. and Barrón, C.},
  date = {2004-09-14},
  journaltitle = {Aquatic Microbial Ecology},
  shortjournal = {Aquat. Microb. Ecol.},
  volume = {36},
  number = {3},
  pages = {227--237},
  issn = {0948-3055, 1616-1564},
  doi = {10.3354/ame036227},
  langid = {undefined}
}

@article{Holmer2005,
  title = {Sulfur accumulation in eelgrass ({{{\mkbibemph{Zostera marina}}) and effect of sulfur on eelgrass growth}}},
  author = {Holmer, Marianne and Frederiksen, Morten S. and Møllegaard, Helene},
  date = {2005-04-01},
  journaltitle = {Aquatic Botany},
  shortjournal = {Aquat. Bot.},
  volume = {81},
  number = {4},
  pages = {367--379},
  issn = {0304-3770},
  doi = {10.1016/j.aquabot.2004.12.006},
  langid = {undefined}
}

@article{Hoshino2019,
  title = {Abundance and distribution of archaea in the subseafloor sedimentary biosphere},
  author = {Hoshino, Tatsuhiko and Inagaki, Fumio},
  date = {2019-01},
  journaltitle = {The ISME Journal},
  shortjournal = {ISME J.},
  volume = {13},
  number = {1},
  pages = {227--231},
  publisher = {Nature Publishing Group},
  issn = {1751-7370},
  doi = {10.1038/s41396-018-0253-3},
  langid = {undefined}
}

@article{Hoshino2020,
  title = {Global diversity of microbial communities in marine sediment},
  author = {Hoshino, Tatsuhiko and Doi, Hideyuki and Uramoto, Go-Ichiro and Wörmer, Lars and Adhikari, Rishi R. and Xiao, Nan and Morono, Yuki and D’Hondt, Steven and Hinrichs, Kai-Uwe and Inagaki, Fumio},
  date = {2020-11-03},
  journaltitle = {Proceedings of the National Academy of Sciences of the United States of America},
  shortjournal = {Proc. Natl. Acad. Sci. U. S. A.},
  volume = {117},
  number = {44},
  pages = {27587--27597},
  publisher = {Proceedings of the National Academy of Sciences},
  doi = {10.1073/pnas.1919139117},
  langid = {undefined}
}

@article{Inagaki2015,
  title = {Exploring deep microbial life in coal-bearing sediment down to \textasciitilde 2.5 km below the ocean floor},
  author = {Inagaki, F. and Hinrichs, K.-U. and Kubo, Y. and Bowles, M. W. and Heuer, V. B. and Hong, W.-L. and Hoshino, T. and Ijiri, A. and Imachi, H. and Ito, M. and Kaneko, M. and Lever, M. A. and Lin, Y.-S. and Methé, B. A. and Morita, S. and Morono, Y. and Tanikawa, W. and Bihan, M. and Bowden, S. A. and Elvert, M. and Glombitza, C. and Gross, D. and Harrington, G. J. and Hori, T. and Li, K. and Limmer, D. and Liu, C.-H. and Murayama, M. and Ohkouchi, N. and Ono, S. and Park, Y.-S. and Phillips, S. C. and Prieto-Mollar, X. and Purkey, M. and Riedinger, N. and Sanada, Y. and Sauvage, J. and Snyder, G. and Susilawati, R. and Takano, Y. and Tasumi, E. and Terada, T. and Tomaru, H. and Trembath-Reichert, E. and Wang, D. T. and Yamada, Y.},
  date = {2015-07-24},
  journaltitle = {Science},
  volume = {349},
  number = {6246},
  pages = {420--424},
  publisher = {American Association for the Advancement of Science},
  doi = {10.1126/science.aaa6882},
  langid = {undefined}
}

@article{Jahnke1996,
  title = {The global ocean flux by particulate organic carbon: areal distribution and magnitude},
  shorttitle = {The global ocean flux by particulate organic carbon},
  author = {Jahnke, R. A.},
  date = {1996-03-01},
  journaltitle = {Global Biogeochemical Cycles},
  shortjournal = {Glob. Biogeochem. Cycles},
  volume = {10},
  number = {1},
  pages = {71--88},
  doi = {10.1029/95GB03525},
  langid = {undefined}
}

@article{Jannasch1959,
  title = {Bacterial populations in sea water as determined by different methods of enumeration},
  author = {Jannasch, Holger W. and Jones, Galen E.},
  date = {1959-04},
  journaltitle = {Limnology and Oceanography},
  shortjournal = {Limnol. Oceanogr.},
  volume = {4},
  number = {2},
  pages = {128--139},
  publisher = {Wiley-Blackwell},
  issn = {00243590},
  doi = {10.4319/lo.1959.4.2.0128},
  langid = {undefined}
}

@article{Jensen2007,
  title = {Different bacterial communities associated with the roots and bulk sediment of the seagrass {{{\mkbibemph{Zostera marina}}}}},
  author = {Jensen, Sheila Ingemann and Kühl, Michael and Priemé, Anders},
  date = {2007-10-01},
  journaltitle = {FEMS Microbiology Ecology},
  shortjournal = {FEMS Microbiol. Ecol.},
  volume = {62},
  number = {1},
  pages = {108--117},
  issn = {0168-6496},
  doi = {10.1111/j.1574-6941.2007.00373.x},
  langid = {undefined}
}

@article{Jones1994,
  title = {Organisms as ecosystem engineers},
  author = {Jones, Clive G. and Lawton, John H. and Shachak, Moshe},
  date = {1994},
  journaltitle = {Oikos},
  volume = {69},
  number = {3},
  pages = {373--386},
  publisher = {[Nordic Society Oikos, Wiley]},
  issn = {0030-1299},
  doi = {10.2307/3545850},
  langid = {undefined}
}

@article{Jones2010,
  title = {Dormancy contributes to the maintenance of microbial diversity},
  author = {Jones, Stuart E. and Lennon, Jay T.},
  date = {2010-03-30},
  journaltitle = {Proceedings of the National Academy of Sciences of the United States of America},
  shortjournal = {Proc. Natl. Acad. Sci. U. S. A.},
  volume = {107},
  number = {13},
  pages = {5881--5886},
  issn = {1091-6490},
  doi = {10.1073/pnas.0912765107},
  langid = {undefined}
}

@article{Jorgensen1982,
  title = {Mineralization of organic matter in the sea bed—the role of sulphate reduction},
  author = {Jørgensen, Bo Barker},
  date = {1982-04},
  journaltitle = {Nature},
  volume = {296},
  number = {5858},
  pages = {643--645},
  publisher = {Nature Publishing Group},
  issn = {0028-0836},
  doi = {10.1038/296643a0},
  langid = {undefined}
}

@incollection{Jorgensen2000,
  title = {Bacteria and marine biogeochemistry},
  booktitle = {Marine geochemistry},
  author = {Jørgensen, Bo Barker},
  editor = {Schulz, Horst D. and Zabel, Matthias},
  date = {2000},
  pages = {169--206},
  publisher = {Springer},
  location = {Berlin, Heidelberg},
  doi = {10.1007/978-3-662-04242-7_5},
  isbn = {978-3-662-04242-7},
  langid = {undefined}
}

@article{Jorgensen2016,
  title = {Slow microbial life in the seabed},
  author = {Jørgensen, Bo Barker and Marshall, Ian P. G.},
  date = {2016},
  journaltitle = {Annual Review of Marine Science},
  shortjournal = {Annu. Rev. Mar. Sci.},
  volume = {8},
  pages = {311--332},
  issn = {1941-0611},
  doi = {10.1146/annurev-marine-010814-015535},
  langid = {undefined}
}

@article{Jorgensen2019,
  title = {The biogeochemical sulfur cycle of marine sediments},
  author = {Jørgensen, Bo Barker and Findlay, Alyssa J. and Pellerin, André},
  date = {2019-04-24},
  journaltitle = {Frontiers in Microbiology},
  shortjournal = {Front. Microbiol.},
  volume = {10},
  pages = {849},
  publisher = {Frontiers},
  issn = {1664-302X},
  doi = {10.3389/fmicb.2019.00849},
  langid = {undefined}
}

@article{Kallmeyer2012,
  title = {Global distribution of microbial abundance and biomass in subseafloor sediment},
  author = {Kallmeyer, Jens and Pockalny, Robert and Adhikari, Rishi Ram and Smith, David C. and D’Hondt, Steven},
  date = {2012-10-02},
  journaltitle = {Proceedings of the National Academy of Sciences of the United States of America},
  shortjournal = {Proc. Natl. Acad. Sci. U. S. A.},
  volume = {109},
  number = {40},
  pages = {16213--16216},
  publisher = {Proceedings of the National Academy of Sciences},
  doi = {10.1073/pnas.1203849109},
  langid = {undefined}
}

@article{Kennedy2010,
  title = {Seagrass sediments as a global carbon sink: isotopic constraints},
  shorttitle = {Seagrass sediments as a global carbon sink},
  author = {Kennedy, Hilary and Beggins, Jeff and Duarte, Carlos M. and Fourqurean, James W. and Holmer, Marianne and Marbà, Núria and Middelburg, Jack J.},
  date = {2010},
  journaltitle = {Global Biogeochemical Cycles},
  shortjournal = {Glob. Biogeochem. Cycles},
  volume = {24},
  number = {4},
  pages = {GB4026},
  issn = {1944-9224},
  doi = {10.1029/2010GB003848},
  langid = {undefined}
}

@article{Kirkpatrick2019,
  title = {Microbial selection and survival in subseafloor sediment},
  author = {Kirkpatrick, John B. and Walsh, Emily A. and D’Hondt, Steven},
  date = {2019},
  journaltitle = {Frontiers in Microbiology},
  shortjournal = {Front. Microbiol.},
  volume = {10},
  pages = {956},
  issn = {1664-302X},
  doi = {10.3389/fmicb.2019.00956},
  langid = {undefined}
}

@article{Koch2001,
  title = {Sulfide as a phytotoxin to the tropical seagrass {{{\mkbibemph{Thalassia testudinum}}: interactions with light, salinity and temperature}}},
  shorttitle = {Sulfide as a phytotoxin to the tropical seagrass {\mkbibemph{thalassia testudinum}}},
  author = {Koch, Marguerite S and Erskine, James M},
  date = {2001-11-30},
  journaltitle = {Journal of Experimental Marine Biology and Ecology},
  shortjournal = {J. Exp. Mar. Biol. Ecol.},
  volume = {266},
  number = {1},
  pages = {81--95},
  issn = {0022-0981},
  doi = {10.1016/S0022-0981(01)00339-2},
  langid = {undefined}
}

@article{Korlevic2021,
  title = {Seasonal dynamics of epiphytic microbial communities on marine macrophyte surfaces},
  author = {Korlević, Marino and Markovski, Marsej and Zhao, Zihao and Herndl, Gerhard J. and Najdek, Mirjana},
  date = {2021-09-09},
  journaltitle = {Frontiers in Microbiology},
  shortjournal = {Front. Microbiol.},
  volume = {12},
  pages = {671342},
  issn = {1664-302X},
  doi = {10.3389/fmicb.2021.671342},
  author+an = {1=highlight, corresponding}
}

@article{Kozich2013,
  title = {Development of a dual-index sequencing strategy and curation pipeline for analyzing amplicon sequence data on the {{MiSeq Illumina}} sequencing platform.},
  author = {Kozich, James J and Westcott, Sarah L and Baxter, Nielson T and Highlander, Sarah K and Schloss, Patrick D},
  date = {2013-09},
  journaltitle = {Applied and Environmental Microbiology},
  shortjournal = {Appl. Environ. Microbiol.},
  volume = {79},
  number = {17},
  pages = {5112--5120},
  doi = {10.1128/AEM.01043-13},
  langid = {undefined}
}

@article{Kristensen2001,
  title = {Impact of polychaetes ({{{\mkbibemph{Nereis}} spp. }}and {{{\mkbibemph{Arenicola marina}}}}) on carbon biogeochemistry in coastal marine sediments},
  author = {Kristensen, Erik},
  date = {2001-10-30},
  journaltitle = {Geochemical Transactions},
  shortjournal = {Geochem. Trans.},
  volume = {2},
  number = {1},
  pages = {92},
  publisher = {BioMed Central},
  issn = {1467-4866},
  doi = {10.1186/1467-4866-2-92},
  langid = {undefined}
}

@article{Kubo2012,
  title = {Archaea of the {{Miscellaneous Crenarchaeotal Group}} are abundant, diverse and widespread in marine sediments},
  author = {Kubo, Kyoko and Lloyd, Karen G and F Biddle, Jennifer and Amann, Rudolf and Teske, Andreas and Knittel, Katrin},
  date = {2012-10-01},
  journaltitle = {The ISME Journal},
  shortjournal = {ISME J.},
  volume = {6},
  number = {10},
  pages = {1949--1965},
  issn = {1751-7362},
  doi = {10.1038/ismej.2012.37},
  langid = {undefined}
}

@article{Lauer2016,
  title = {Phylogenetic characterization of marine benthic archaea in organic-poor sediments of the eastern equatorial {{Pacific Ocean}} ({{ODP Site}} 1225)},
  author = {Lauer, Antje and Sørensen, Ketil Bernt and Teske, Andreas},
  date = {2016-09},
  journaltitle = {Microorganisms},
  volume = {4},
  number = {3},
  pages = {32},
  publisher = {Multidisciplinary Digital Publishing Institute},
  issn = {2076-2607},
  doi = {10.3390/microorganisms4030032},
  langid = {undefined}
}

@article{Leloup2007,
  title = {Diversity and abundance of sulfate-reducing microorganisms in the sulfate and methane zones of a marine sediment, {{Black Sea}}},
  author = {Leloup, Julie and Loy, Alexander and Knab, Nina J. and Borowski, Christian and Wagner, Michael and Jørgensen, Bo Barker},
  date = {2007-01},
  journaltitle = {Environmental Microbiology},
  shortjournal = {Environ. Microbiol.},
  volume = {9},
  number = {1},
  pages = {131--142},
  issn = {1462-2912},
  doi = {10.1111/j.1462-2920.2006.01122.x},
  langid = {undefined}
}

@article{Les1997,
  title = {Phylogenetic studies in {{Alismatidae}}, {{II}}: evolution of marine angiosperms (seagrasses) and hydrophily},
  shorttitle = {Phylogenetic studies in alismatidae, {{II}}},
  author = {Les, Donald H. and Cleland, Maryke A. and Waycott, Michelle},
  date = {1997},
  journaltitle = {Systematic Botany},
  shortjournal = {Syst. Bot.},
  volume = {22},
  number = {3},
  pages = {443--463},
  publisher = {American Society of Plant Taxonomists},
  issn = {0363-6445},
  doi = {10.2307/2419820},
  langid = {undefined}
}

@article{Li2020a,
  title = {Prokaryotic diversity and composition of sediments from {{Prydz Bay}}, the {{Antarctic Peninsula}} region, and the {{Ross Sea}}, {{Southern Ocean}}},
  author = {Li, Jiang and Gu, Xiaoqian and Gui, Yuanyuan},
  date = {2020-04-28},
  journaltitle = {Frontiers in Microbiology},
  shortjournal = {Front. Microbiol.},
  volume = {11},
  pages = {783},
  publisher = {Frontiers},
  issn = {1664-302X},
  doi = {10.3389/fmicb.2020.00783},
  langid = {undefined}
}

@article{Lin2015,
  title = {Metaproteomic analysis of bacterial communities in marine mudflat aquaculture sediment},
  author = {Lin, Rui and Lin, Xiangmin and Guo, Tingting and Wu, Linkun and Zhang, Wenjing and Lin, Wenxiong},
  date = {2015-09-01},
  journaltitle = {World Journal of Microbiology and Biotechnology},
  shortjournal = {World J. Microbiol. Biotechnol.},
  volume = {31},
  number = {9},
  pages = {1397--1408},
  issn = {0959-3993},
  doi = {10.1007/s11274-015-1891-5},
  langid = {undefined}
}

@article{Liu2017,
  title = {Effects of seagrass leaf litter decomposition on sediment organic carbon composition and the key transformation processes},
  author = {Liu, SongLin and Jiang, ZhiJian and Deng, YiQin and Wu, YunChao and Zhao, ChunYu and Zhang, JingPing and Shen, Yuan and Huang, XiaoPing},
  date = {2017-12-01},
  journaltitle = {Science China Earth Sciences},
  shortjournal = {Sci. China Earth Sci.},
  volume = {60},
  number = {12},
  pages = {2108--2117},
  issn = {1869-1897},
  doi = {10.1007/s11430-017-9147-4},
  langid = {undefined}
}

@article{Liu2018,
  title = {Effects of nutrient loading on sediment bacterial and pathogen communities within seagrass meadows},
  author = {Liu, Songlin and Jiang, Zhijian and Deng, Yiqin and Wu, Yunchao and Zhang, Jingping and Zhao, Chunyu and Huang, Delian and Huang, Xiaoping and Trevathan-Tackett, Stacey M.},
  date = {2018-03-09},
  journaltitle = {MicrobiologyOpen},
  volume = {7},
  number = {5},
  pages = {e00600},
  issn = {2045-8827},
  doi = {10.1002/mbo3.600},
  langid = {undefined}
}

@article{Liu2023,
  title = {Diversity of the protease-producing bacteria and their extracellular protease in the coastal mudflat of {{Jiaozhou Bay}}, {{China}}: in response to clam naturally growing and aquaculture},
  shorttitle = {Diversity of the protease-producing bacteria and their extracellular protease in the coastal mudflat of {{Jiaozhou Bay}}, {{China}}},
  author = {Liu, Zhiyun and Liu, Guangchao and Guo, Xuzhen and Li, Yang and Ji, Na and Xu, Xingfeng and Sun, Qingjie and Yang, Jie},
  date = {2023-05-19},
  journaltitle = {Frontiers in Microbiology},
  shortjournal = {Front. Microbiol.},
  volume = {14},
  pages = {1164937},
  publisher = {Frontiers},
  issn = {1664-302X},
  doi = {10.3389/fmicb.2023.1164937},
  langid = {undefined}
}

@article{Lloyd2013,
  title = {Predominant archaea in marine sediments degrade detrital proteins},
  author = {Lloyd, Karen G. and Schreiber, Lars and Petersen, Dorthe G. and Kjeldsen, Kasper U. and Lever, Mark A. and Steen, Andrew D. and Stepanauskas, Ramunas and Richter, Michael and Kleindienst, Sara and Lenk, Sabine and Schramm, Andreas and Jørgensen, Bo Barker},
  date = {2013-04-11},
  journaltitle = {Nature},
  volume = {496},
  number = {7444},
  pages = {215--218},
  issn = {1476-4687},
  doi = {10.1038/nature12033},
  langid = {undefined}
}

@article{Louca2018,
  title = {Function and functional redundancy in microbial systems},
  author = {Louca, Stilianos and Polz, Martin F. and Mazel, Florent and Albright, Michaeline B. N. and Huber, Julie A. and O’Connor, Mary I. and Ackermann, Martin and Hahn, Aria S. and Srivastava, Diane S. and Crowe, Sean A. and Doebeli, Michael and Parfrey, Laura Wegener},
  date = {2018-06},
  journaltitle = {Nature Ecology \& Evolution},
  shortjournal = {Nat Ecol Evol},
  volume = {2},
  number = {6},
  pages = {936--943},
  publisher = {Nature Publishing Group},
  issn = {2397-334X},
  doi = {10.1038/s41559-018-0519-1},
  langid = {undefined}
}

@article{Luna2002,
  title = {Large fraction of dead and inactive bacteria in coastal marine sediments: comparison of protocols for determination and ecological significance},
  shorttitle = {Large fraction of dead and inactive bacteria in coastal marine sediments},
  author = {Luna, G. M. and Manini, E. and Danovaro, R.},
  date = {2002-07},
  journaltitle = {Applied and Environmental Microbiology},
  shortjournal = {Appl. Environ. Microbiol.},
  volume = {68},
  number = {7},
  pages = {3509--3513},
  publisher = {American Society for Microbiology},
  doi = {10.1128/AEM.68.7.3509-3513.2002},
  langid = {undefined}
}

@article{Macic2014,
  title = {Anatomical features of {{{\mkbibemph{Cymodocea nodosa}} growing in Montenegro (Adriatic Sea)}}},
  author = {Mačić, Vesna},
  date = {2014-12-01},
  journaltitle = {Journal of the Black Sea / Mediterranean Environment},
  shortjournal = {J. Black Sea Mediterr. Environ.},
  volume = {20},
  number = {3},
  pages = {253--263},
  publisher = {Türk Deniz Araştırmaları Vakfı},
  issn = {1304-9550},
  langid = {undefined}
}

@article{Mannino2015,
  title = {The genus {{{\mkbibemph{Ruppia}}}} {{L}}. ({{Ruppiaceae}}) in the {{Mediterranean}} region: an overview},
  shorttitle = {The genus {\mkbibemph{ruppia}} {{L}}. (ruppiaceae) in the mediterranean region},
  author = {Mannino, Anna M. and Menéndez, M. and Obrador, B. and Sfriso, A. and Triest, L.},
  date = {2015-07-01},
  journaltitle = {Aquatic Botany},
  shortjournal = {Aquatic Botany},
  volume = {124},
  pages = {1--9},
  issn = {0304-3770},
  doi = {10.1016/j.aquabot.2015.02.005},
  langid = {undefined}
}

@article{Marshall2018,
  title = {Metagenomes from deep {{Baltic Sea}} sediments reveal how past and present environmental conditions determine microbial community composition},
  author = {Marshall, Ian P. G. and Karst, Søren M. and Nielsen, Per H. and Jørgensen, Bo Barker},
  date = {2018-02-01},
  journaltitle = {Marine Genomics},
  shortjournal = {Mar. Genomics},
  volume = {37},
  pages = {58--68},
  issn = {1874-7787},
  doi = {10.1016/j.margen.2017.08.004},
  langid = {undefined}
}

@article{Marshall2019,
  title = {Environmental filtering determines family-level structure of sulfate-reducing microbial communities in subsurface marine sediments},
  author = {Marshall, Ian P G and Ren, Ge and Jaussi, Marion and Lomstein, Bente Aa and Jørgensen, Bo Barker and Røy, Hans and Kjeldsen, Kasper U},
  date = {2019-08-01},
  journaltitle = {The ISME Journal},
  shortjournal = {ISME J.},
  volume = {13},
  number = {8},
  pages = {1920--1932},
  issn = {1751-7362},
  doi = {10.1038/s41396-019-0387-y},
  langid = {undefined}
}

@article{Meysman2006,
  title = {Bioturbation: a fresh look at {{Darwin}}'s last idea},
  shorttitle = {Bioturbation},
  author = {Meysman, Filip J. R. and Middelburg, Jack J. and Heip, Carlo H. R.},
  date = {2006-12-01},
  journaltitle = {Trends in Ecology \& Evolution},
  shortjournal = {Trends Ecol. Evol.},
  volume = {21},
  number = {12},
  pages = {688--695},
  issn = {0169-5347},
  doi = {10.1016/j.tree.2006.08.002},
  langid = {undefined}
}

@article{Middelburg1989,
  title = {A simple rate model for organic matter decomposition in marine sediments},
  author = {Middelburg, Jack J},
  date = {1989-07-01},
  journaltitle = {Geochimica et Cosmochimica Acta},
  shortjournal = {Geochim. Cosmochim. Acta},
  volume = {53},
  number = {7},
  pages = {1577--1581},
  issn = {0016-7037},
  doi = {10.1016/0016-7037(89)90239-1},
  langid = {undefined}
}

@article{Middelburg2009,
  title = {Coastal hypoxia and sediment biogeochemistry},
  author = {Middelburg, J J and Levin, L A},
  date = {2009},
  journaltitle = {Biogeosciences},
  volume = {6},
  number = {7},
  pages = {1273--1293},
  doi = {10.5194/bg-6-1273-2009},
  langid = {undefined}
}

@article{Mohapatra2022,
  title = {Seagrasses and local environment control the bacterial community structure and carbon substrate utilization in brackish sediments},
  author = {Mohapatra, Madhusmita and Manu, Shivakumara and Dash, Stiti Prangya and Rastogi, Gurdeep},
  date = {2022-07-15},
  journaltitle = {Journal of Environmental Management},
  shortjournal = {J. Environ. Manage.},
  volume = {314},
  pages = {115013},
  issn = {0301-4797},
  doi = {10.1016/j.jenvman.2022.115013},
  langid = {undefined}
}

@article{Molari2013,
  title = {Dark inorganic carbon fixation sustains the functioning of benthic deep-sea ecosystems},
  author = {Molari, Massimiliano and Manini, Elena and Dell'Anno, Antonio},
  date = {2013},
  journaltitle = {Global Biogeochemical Cycles},
  shortjournal = {Glob. Biogeochem. Cycles},
  volume = {27},
  number = {1},
  pages = {212--221},
  issn = {1944-9224},
  doi = {10.1002/gbc.20030},
  langid = {undefined}
}

@article{Moore2020,
  title = {Metagenome sequences from tidal marsh and marine sediment from the {{Great Bay Estuary}} of {{New Hampshire}}},
  author = {Moore, Brian M. and Chadhain, Sinéad M. Ní and Miller, Jarrett L. and Jones, Stephen H. and Launen, Loren A.},
  date = {2020-03-05},
  journaltitle = {Microbiology Resource Announcements},
  shortjournal = {Microbiol. Resour. Announc.},
  volume = {9},
  number = {10},
  pages = {e00038\textbackslash -20},
  publisher = {American Society for Microbiology},
  issn = {2576-098X},
  doi = {10.1128/MRA.00038-20},
  langid = {undefined}
}

@article{Mori2011,
  title = {{{{\mkbibemph{Thioprofundum hispidum}} sp. nov.,}} an obligately chemolithoautotrophic sulfur-oxidizing gammaproteobacterium isolated from the hydrothermal field on {{Suiyo Seamount}}, and proposal of {{{\mkbibemph{Thioalkalispiraceae}} fam. nov. }}in the order {{{\mkbibemph{Chromatiales}}}}},
  author = {Mori, Koji and Suzuki, Ken-ichiro and Urabe, Tetsuro and Sugihara, Maki and Tanaka, Kenji and Hamada, Moriyuki and Hanada, Satoshi},
  date = {2011},
  journaltitle = {International Journal of Systematic and Evolutionary Microbiology},
  shortjournal = {Int. J. Syst. Evol. Microbiol.},
  volume = {61},
  number = {10},
  pages = {2412--2418},
  publisher = {Microbiology Society,},
  issn = {1466-5034},
  doi = {10.1099/ijs.0.026963-0},
  langid = {undefined}
}

@incollection{Mori2014,
  title = {The family {{{\mkbibemph{Thioalkalispiraceae}}}}},
  booktitle = {The prokaryotes: {{{\mkbibemph{Gammaproteobacteria}}}}},
  author = {Mori, Koji and Suzuki, Ken-ichiro},
  editor = {Rosenberg, Eugene and DeLong, Edward F. and Lory, Stephen and Stackebrandt, Erko and Thompson, Fabiano},
  date = {2014},
  pages = {653--658},
  publisher = {Springer},
  location = {Berlin, Heidelberg},
  doi = {10.1007/978-3-642-38922-1_399},
  isbn = {978-3-642-38922-1},
  langid = {undefined}
}

@article{Najdek2020a,
  title = {Effects of the invasion of {{{\mkbibemph{Caulerpa cylindracea}}}} in a {{{\mkbibemph{Cymodocea nodosa}}}} meadow in the northern {{Adriatic Sea}}},
  author = {Najdek, Mirjana and Korlević, Marino and Paliaga, Paolo and Markovski, Marsej and Ivančić, Ingrid and Iveša, Ljiljana and Felja, Igor and Herndl, Gerhard J.},
  date = {2020-12-23},
  journaltitle = {Frontiers in Marine Science},
  shortjournal = {Front. Mar. Sci.},
  volume = {7},
  pages = {602055},
  publisher = {Frontiers},
  issn = {2296-7745},
  doi = {10.3389/fmars.2020.602055},
  author+an = {2=highlight},
  langid = {undefined}
}

@article{Nealson1997,
  title = {Sediment bacteria: who's there, what are they doing, and what's new?},
  shorttitle = {Sediment bacteria},
  author = {Nealson, Kenneth H.},
  date = {1997-05-01},
  journaltitle = {Annual Review of Earth and Planetary Sciences},
  shortjournal = {Annu. Rev. Earth Planet. Sci.},
  volume = {25},
  pages = {403--434},
  publisher = {Annual Reviews},
  issn = {0084-6597},
  doi = {10.1146/annurev.earth.25.1.403},
  issue = {Volume 25, 1997},
  langid = {undefined}
}

@article{Nicholls2013,
  title = {Sulfide inhibition of and metabolism by cytochrome {\mkbibemph{c}} oxidase},
  author = {Nicholls, Peter and Marshall, Doug~C. and Cooper, Chris~E. and Wilson, Mike~T.},
  date = {2013-09-23},
  journaltitle = {Biochemical Society Transactions},
  shortjournal = {Biochem. Soc. Trans.},
  volume = {41},
  number = {5},
  pages = {1312--1316},
  issn = {0300-5127},
  doi = {10.1042/BST20130070},
  langid = {undefined}
}

@article{Okabe2010,
  title = {A great leap forward in microbial ecology},
  author = {Okabe, Satoshi and Oshiki, Mamoru and Kamagata, Yoichi and Yamaguchi, Nobuyasu and Toyofuku, Masanori and Yawata, Yutaka and Tashiro, Yosuke and Nomura, Nobuhiko and Ohta, Hiroyuki and Ohkuma, Moriya and Hiraishi, Akira and Minamisawa, Kiwamu},
  date = {2010},
  journaltitle = {Microbes and Environments},
  shortjournal = {Microbes Environ.},
  volume = {25},
  number = {4},
  pages = {230--240},
  doi = {10.1264/jsme2.ME10178},
  langid = {undefined}
}

@article{Orcutt2011,
  title = {Microbial ecology of the dark ocean above, at, and below the seafloor},
  author = {Orcutt, Beth N and Sylvan, Jason B and Knab, Nina J and Edwards, Katrina J},
  date = {2011-06},
  journaltitle = {Microbiology and Molecular Biology Reviews},
  shortjournal = {Microbiol. Mol. Biol. Rev.},
  volume = {75},
  number = {2},
  pages = {361--422},
  issn = {1098-5557},
  doi = {10.1128/MMBR.00039-10},
  langid = {undefined}
}

@article{Orlando-Bonaca2015,
  title = {A new index ({{MediSkew}}) for the assessment of the {{{\mkbibemph{Cymodocea nodosa}}}} ({{Ucria}}) {{Ascherson}} meadow's status},
  author = {Orlando-Bonaca, Martina and Francé, Janja and Mavrič, Borut and Grego, Mateja and Lipej, Lovrenc and Flander-Putrle, Vesna and Šiško, Milijan and Falace, Annalisa},
  date = {2015-09-01},
  journaltitle = {Marine Environmental Research},
  shortjournal = {Mar. Environ. Res.},
  volume = {110},
  pages = {132--141},
  issn = {1879-0291},
  doi = {10.1016/j.marenvres.2015.08.009},
  langid = {undefined}
}

@article{Orlando-Bonaca2019,
  title = {Impact of the port of {{Koper}} on {{{\mkbibemph{Cymodocea nodosa}}}} meadow},
  author = {Orlando-Bonaca, Martina and Francé, Janja and Mavrič, Borut and Lipej, Lovrenc},
  date = {2019},
  journaltitle = {Annales, Series Historia Naturalis},
  shortjournal = {Ann. Ser. Hist. Nat.},
  volume = {29},
  number = {2},
  pages = {187--194},
  issn = {2591-1783},
  doi = {10.19233/ASHN.2019.18},
  langid = {undefined}
}

@article{Orsi2018,
  title = {Ecology and evolution of seafloor and subseafloor microbial communities},
  author = {Orsi, William D.},
  date = {2018-11},
  journaltitle = {Nature Reviews Microbiology},
  shortjournal = {Nat. Rev. Microbiol.},
  volume = {16},
  number = {11},
  pages = {671--683},
  publisher = {Nature Publishing Group},
  issn = {1740-1534},
  doi = {10.1038/s41579-018-0046-8},
  langid = {undefined}
}

@article{Orth2006,
  title = {A global crisis for seagrass ecosystems},
  author = {Orth, Robert J. and Carruthers, Tim J. B. and Dennison, William C. and Duarte, Carlos M. and Fourqurean, James W. and Heck, Kenneth L. and Hughes, A. Randall and Kendrick, Gary A. and Kenworthy, W. Judson and Olyarnik, Suzanne and Short, Frederick T. and Waycott, Michelle and Williams, Susan L.},
  date = {2006-12-01},
  journaltitle = {BioScience},
  volume = {56},
  number = {12},
  pages = {987--996},
  issn = {0006-3568},
  doi = {10.1641/0006-3568(2006)56[987:AGCFSE]2.0.CO;2},
  langid = {undefined}
}

@incollection{Pace1986,
  title = {The analysis of natural microbial populations by ribosomal {{RNA}} sequences},
  booktitle = {Advances in microbial ecology},
  author = {Pace, Norman R. and Stahl, David A. and Lane, David J. and Olsen, Gary J.},
  editor = {Marshall, K. C.},
  date = {1986},
  pages = {1--55},
  publisher = {Springer},
  location = {Boston},
  isbn = {978-1-4757-0611-6},
  langid = {undefined}
}

@article{Parada2016,
  title = {Every base matters: assessing small subunit {{rRNA}} primers for marine microbiomes with mock communities, time series and global field samples},
  author = {Parada, Alma E. and Needham, David M. and Fuhrman, Jed A.},
  date = {2016-05},
  journaltitle = {Environmental Microbiology},
  shortjournal = {Environ. Microbiol.},
  volume = {18},
  number = {5},
  pages = {1403--1414},
  issn = {14622912},
  doi = {10.1111/1462-2920.13023},
  langid = {undefined}
}

@article{Parkes2014,
  title = {A review of prokaryotic populations and processes in sub-seafloor sediments, including biosphere:geosphere interactions},
  shorttitle = {A review of prokaryotic populations and processes in sub-seafloor sediments, including biosphere},
  author = {Parkes, R. John and Cragg, Barry and Roussel, Erwan and Webster, Gordon and Weightman, Andrew and Sass, Henrik},
  date = {2014-06-01},
  journaltitle = {Marine Geology},
  shortjournal = {Marine Geology},
  series = {50th {{Anniversary Special Issue}}},
  volume = {352},
  pages = {409--425},
  issn = {0025-3227},
  doi = {10.1016/j.margeo.2014.02.009},
  langid = {undefined}
}

@article{Pedersen2004,
  title = {Sulphide intrusion in eelgrass ({{{\mkbibemph{Zostera marina}} L.)}}},
  author = {Pedersen, O. and Binzer, T. and Borum, J.},
  date = {2004},
  journaltitle = {Plant, Cell \& Environment},
  shortjournal = {Plant Cell Environ.},
  volume = {27},
  number = {5},
  pages = {595--602},
  issn = {1365-3040},
  doi = {10.1111/j.1365-3040.2004.01173.x},
  langid = {undefined}
}

@article{Peduzzi1991,
  title = {Decomposition and significance of seagrass leaf litter ({{{\mkbibemph{Cymodocea nodosa}}}}) for the microbial food web in coastal waters ({{Gulf}} of {{Trieste}}, northern {{Adriatic Sea}})},
  author = {Peduzzi, Peter and Herndl, Gerhard J.},
  date = {1991},
  journaltitle = {Marine Ecology Progress Series},
  shortjournal = {Mar. Ecol. Prog. Ser.},
  volume = {71},
  number = {2},
  pages = {163--174},
  publisher = {Inter-Research Science Center},
  issn = {0171-8630},
  doi = {10.3354/meps071163},
  langid = {undefined}
}

@article{Pelikan2021,
  title = {Anaerobic bacterial degradation of protein and lipid macromolecules in subarctic marine sediment},
  author = {Pelikan, Claus and Wasmund, Kenneth and Glombitza, Clemens and Hausmann, Bela and Herbold, Craig W and Flieder, Mathias and Loy, Alexander},
  date = {2021-03-01},
  journaltitle = {The ISME Journal},
  shortjournal = {ISME J.},
  volume = {15},
  number = {3},
  pages = {833--847},
  issn = {1751-7362},
  doi = {10.1038/s41396-020-00817-6},
  langid = {undefined}
}

@article{Perez-Ruzafa2006,
  title = {Changes in benthic fish assemblages as a consequence of coastal works in a coastal lagoon: the {{Mar Menor}} ({{Spain}}, western {{Mediterranean}})},
  shorttitle = {Changes in benthic fish assemblages as a consequence of coastal works in a coastal lagoon},
  author = {Pérez-Ruzafa, A. and García-Charton, J. A. and Barcala, E. and Marcos, C.},
  date = {2006-01-01},
  journaltitle = {Marine Pollution Bulletin},
  shortjournal = {Marine Pollution Bulletin},
  series = {Recent {{Developments}} in {{Estuarine Ecology}} and {{Management}}},
  volume = {53},
  number = {1--4},
  pages = {107--120},
  issn = {0025-326X},
  doi = {10.1016/j.marpolbul.2005.09.014},
  langid = {undefined}
}

@article{Petro2017,
  title = {Microbial community assembly in marine sediments},
  author = {Petro, Caitlin and Starnawski, Piotr and Schramm, Andreas and Kjeldsen, Kasper U.},
  date = {2017-06-12},
  journaltitle = {Aquatic Microbial Ecology},
  shortjournal = {Aquat. Microb. Ecol.},
  volume = {79},
  number = {3},
  pages = {177--195},
  issn = {1616-1564},
  doi = {10.3354/ame01826},
  langid = {undefined}
}

@article{Petro2019,
  title = {Marine deep biosphere microbial communities assemble in near-surface sediments in {{Aarhus Bay}}},
  author = {Petro, Caitlin and Zäncker, Birthe and Starnawski, Piotr and Jochum, Lara M. and Ferdelman, Timothy G. and Jørgensen, Bo Barker and Røy, Hans and Kjeldsen, Kasper U. and Schramm, Andreas},
  date = {2019-04-12},
  journaltitle = {Frontiers in Microbiology},
  shortjournal = {Front. Microbiol.},
  volume = {10},
  pages = {758},
  publisher = {Frontiers},
  issn = {1664-302X},
  doi = {10.3389/fmicb.2019.00758},
  langid = {undefined}
}

@article{Pfeifer2020,
  title = {The cell wall of seagrasses: fascinating, peculiar and a blank canvas for future research},
  shorttitle = {The cell wall of seagrasses},
  author = {Pfeifer, Lukas and Classen, Birgit},
  date = {2020-10-23},
  journaltitle = {Frontiers in Plant Science},
  shortjournal = {Front. Plant Sci.},
  volume = {11},
  pages = {588754},
  publisher = {Frontiers},
  issn = {1664-462X},
  doi = {10.3389/fpls.2020.588754},
  langid = {undefined}
}

@article{Pjevac2018,
  title = {Metaproteogenomic profiling of microbial communities colonizing actively venting hydrothermal chimneys},
  author = {Pjevac, Petra and Meier, Dimitri V. and Markert, Stephanie and Hentschker, Christian and Schweder, Thomas and Becher, Dörte and Gruber-Vodicka, Harald R. and Richter, Michael and Bach, Wolfgang and Amann, Rudolf and Meyerdierks, Anke},
  date = {2018-04},
  journaltitle = {Frontiers in Microbiology},
  shortjournal = {Front. Microbiol.},
  volume = {9},
  pages = {680},
  publisher = {Frontiers},
  issn = {1664-302X},
  doi = {10.3389/fmicb.2018.00680},
  langid = {undefined}
}

@article{Polymenakou2005,
  title = {Bacterial community composition in different sediments from the eastern {{Mediterranean Sea}}: a comparison of four {{16S}} ribosomal {{DNA}} clone libraries},
  shorttitle = {Bacterial community composition in different sediments from the eastern mediterranean sea},
  author = {Polymenakou, Paraskevi N. and Bertilsson, Stefan and Tselepides, Anastasios and Stephanou, Euripides G.},
  date = {2005-10-01},
  journaltitle = {Microbial Ecology},
  shortjournal = {Microb. Ecol.},
  volume = {50},
  number = {3},
  pages = {447--462},
  issn = {1432-184X},
  doi = {10.1007/s00248-005-0005-6},
  langid = {undefined}
}

@article{Qin2014,
  title = {Marine ammonia-oxidizing archaeal isolates display obligate mixotrophy and wide ecotypic variation},
  author = {Qin, Wei and Amin, Shady A. and Martens-Habbena, Willm and Walker, Christopher B. and Urakawa, Hidetoshi and Devol, Allan H. and Ingalls, Anitra E. and Moffett, James W. and Armbrust, E. Virginia and Stahl, David A.},
  date = {2014-08-26},
  journaltitle = {Proceedings of the National Academy of Sciences of the United States of America},
  shortjournal = {Proc. Natl. Acad. Sci. U. S. A.},
  volume = {111},
  number = {34},
  pages = {12504--12509},
  publisher = {Proceedings of the National Academy of Sciences},
  doi = {10.1073/pnas.1324115111},
  langid = {undefined}
}

@article{Quince2017,
  title = {Shotgun metagenomics, from sampling to analysis},
  author = {Quince, Christopher and Walker, Alan W. and Simpson, Jared T. and Loman, Nicholas J. and Segata, Nicola},
  date = {2017-09},
  journaltitle = {Nature Biotechnology},
  shortjournal = {Nat Biotechnol},
  volume = {35},
  number = {9},
  pages = {833--844},
  publisher = {Nature Publishing Group},
  issn = {1546-1696},
  doi = {10.1038/nbt.3935},
  langid = {undefined}
}

@article{Rabbani2021,
  title = {Spatial and structural factors shape seagrass-associated bacterial communities in {{Singapore}} and {{Peninsular Malaysia}}},
  author = {Rabbani, Golam and Yan, Bertrand Chengxiang and Lee, Nicole Li Ying and Ooi, Jillian Lean Sim and Lee, Jen Nie and Huang, Danwei and Wainwright, Benjamin J.},
  date = {2021-05-31},
  journaltitle = {Frontiers in Marine Science},
  shortjournal = {Front. Mar. Sci.},
  volume = {8},
  pages = {659180},
  publisher = {Frontiers},
  issn = {2296-7745},
  doi = {10.3389/fmars.2021.659180},
  langid = {undefined}
}

@article{Rappe2003,
  title = {The uncultured microbial majority},
  author = {Rappé, Michael S. and Giovannoni, Stephen J.},
  date = {2003-10-01},
  journaltitle = {Annual Review of Microbiology},
  shortjournal = {Annu. Rev. Microbiol.},
  volume = {57},
  pages = {369--394},
  publisher = {Annual Reviews},
  issn = {0066-4227, 1545-3251},
  doi = {10.1146/annurev.micro.57.030502.090759},
  issue = {Volume 57, 2003},
  langid = {undefined}
}

@article{Reintjes2017,
  title = {An alternative polysaccharide uptake mechanism of marine bacteria},
  author = {Reintjes, Greta and Arnosti, Carol and Fuchs, Bernhard M. and Amann, Rudolf},
  date = {2017-07},
  journaltitle = {The ISME Journal},
  shortjournal = {ISME J.},
  volume = {11},
  number = {7},
  pages = {1640--1650},
  publisher = {Nature Publishing Group},
  issn = {1751-7370},
  doi = {10.1038/ismej.2017.26},
  langid = {undefined}
}

@article{Reyes1995,
  title = {Distribution and reproductive phenology of the seagrass {{{\mkbibemph{Cymodocea nodosa}} (Ucria) Ascherson in the Canary Islands}}},
  author = {Reyes, J. and Sansón, M. and Afonso-Carrillo, J.},
  date = {1995-05-01},
  journaltitle = {Aquatic Botany},
  shortjournal = {Aquat. Bot.},
  volume = {50},
  number = {2},
  pages = {171--180},
  issn = {0304-3770},
  doi = {10.1016/0304-3770(95)00451-5},
  langid = {undefined}
}

@article{Roy2012,
  title = {Aerobic microbial respiration in 86-million-year-old deep-sea red clay},
  author = {Røy, Hans and Kallmeyer, Jens and Adhikari, Rishi Ram and Pockalny, Robert and Jørgensen, Bo Barker and D’Hondt, Steven},
  date = {2012-05-18},
  journaltitle = {Science},
  volume = {336},
  number = {6083},
  pages = {922--925},
  publisher = {American Association for the Advancement of Science},
  doi = {10.1126/science.1219424},
  langid = {undefined}
}

@article{Saito2019,
  title = {Progress and challenges in ocean metaproteomics and proposed best practices for data sharing},
  author = {Saito, Mak A. and Bertrand, Erin M. and Duffy, Megan E. and Gaylord, David A. and Held, Noelle A. and Hervey, William Judson and Hettich, Robert L. and Jagtap, Pratik D. and Janech, Michael G. and Kinkade, Danie B. and Leary, Dagmar H. and McIlvin, Matthew R. and Moore, Eli K. and Morris, Robert M. and Neely, Benjamin A. and Nunn, Brook L. and Saunders, Jaclyn K. and Shepherd, Adam I. and Symmonds, Nicholas I. and Walsh, David A.},
  date = {2019-04-05},
  journaltitle = {Journal of Proteome Research},
  shortjournal = {J. Proteome Res.},
  volume = {18},
  number = {4},
  pages = {1461--1476},
  publisher = {American Chemical Society},
  issn = {1535-3893},
  doi = {10.1021/acs.jproteome.8b00761},
  langid = {undefined}
}

@article{Shili2002,
  title = {Benthic macrophyte communities in the {{Ghar El Melh}} lagoon (north {{Tunisia}})},
  author = {Shili, A. and Trabelsi, E. B. and Ben Maïz, N.},
  date = {2002-12-01},
  journaltitle = {Journal of Coastal Conservation},
  shortjournal = {J. Coast. Conserv.},
  volume = {8},
  number = {2},
  pages = {135--140},
  issn = {1874-7841},
  doi = {10.1652/1400-0350(2002)008[0135:BMCITG]2.0.CO;2},
  langid = {undefined}
}

@article{Short2007,
  title = {Global seagrass distribution and diversity: a bioregional model},
  shorttitle = {Global seagrass distribution and diversity},
  author = {Short, Frederick T. and Carruthers, T. and Dennison, W. and Waycott, M.},
  date = {2007-11-09},
  journaltitle = {Journal of Experimental Marine Biology and Ecology},
  shortjournal = {J. Exp. Mar. Biol. Ecol.},
  series = {The {{Biology}} and {{Ecology}} of {{Seagrasses}}},
  volume = {350},
  number = {1--2},
  pages = {3--20},
  issn = {0022-0981},
  doi = {10.1016/j.jembe.2007.06.012},
  langid = {undefined}
}

@article{Short2011,
  title = {Extinction risk assessment of the world’s seagrass species},
  author = {Short, Frederick T. and Polidoro, Beth and Livingstone, Suzanne R. and Carpenter, Kent E. and Bandeira, Salomão and Bujang, Japar Sidik and Calumpong, Hilconida P. and Carruthers, Tim J. B. and Coles, Robert G. and Dennison, William C. and Erftemeijer, Paul L. A. and Fortes, Miguel D. and Freeman, Aaren S. and Jagtap, T. G. and Kamal, Abu Hena M. and Kendrick, Gary A. and Judson Kenworthy, W. and La Nafie, Yayu A. and Nasution, Ichwan M. and Orth, Robert J. and Prathep, Anchana and Sanciangco, Jonnell C. and family=Tussenbroek, given=Brigitta, prefix=van, useprefix=false and Vergara, Sheila G. and Waycott, Michelle and Zieman, Joseph C.},
  date = {2011-07-01},
  journaltitle = {Biological Conservation},
  shortjournal = {Biological Conservation},
  volume = {144},
  number = {7},
  pages = {1961--1971},
  issn = {0006-3207},
  doi = {10.1016/j.biocon.2011.04.010},
  langid = {undefined}
}

@article{Simon2011,
  title = {Metagenomic analyses: past and future trends},
  shorttitle = {Metagenomic analyses},
  author = {Simon, Carola and Daniel, Rolf},
  date = {2011-02-15},
  journaltitle = {Applied and Environmental Microbiology},
  shortjournal = {Appl. Environ. Microbiol.},
  volume = {77},
  number = {4},
  pages = {1153--1161},
  issn = {0099-2240, 1098-5336},
  doi = {10.1128/AEM.02345-10},
  langid = {undefined}
}

@article{Simpson2015,
  title = {The theory and practice of genome sequence assembly},
  author = {Simpson, Jared T. and Pop, Mihai},
  date = {2015-08-24},
  journaltitle = {Annual Review of Genomics and Human Genetics},
  shortjournal = {Annu. Rev. Genomics Hum. Genet.},
  volume = {16},
  pages = {153--172},
  publisher = {Annual Reviews},
  issn = {1527-8204, 1545-293X},
  doi = {10.1146/annurev-genom-090314-050032},
  issue = {Volume 16, 2015},
  langid = {undefined}
}

@article{Smith2004,
  title = {Seasonal composition and activity of sulfate-reducing prokaryotic communities in seagrass bed sediments},
  author = {family=Smith, given=AC, given-i=AC and family=Kostka, given=JE, given-i=JE and Devereux, R and family=Yates, given=DF, given-i=DF},
  date = {2004-11-11},
  journaltitle = {Aquatic Microbial Ecology},
  shortjournal = {Aquat. Microb. Ecol.},
  volume = {37},
  number = {2},
  pages = {183--195},
  issn = {1616-1564},
  doi = {10.3354/ame037183},
  langid = {undefined}
}

@article{Smith2025,
  title = {Development amongst the seagrass {{{\mkbibemph{Cymodocea nodosa}} influences the morphology of the brown algae {\mkbibemph{Gongolaria barbata}} in a coastal lagoon of the northern Adriatic Sea}}},
  author = {Smith, Shannen M. and Bilajac, Andrea and Gljušćić, Edi and Najdek, Mirjana and Iveša, Ljiljana},
  date = {2025-06-18},
  journaltitle = {Frontiers in Marine Science},
  shortjournal = {Front. Mar. Sci.},
  volume = {12},
  pages = {1493581},
  publisher = {Frontiers},
  issn = {2296-7745},
  doi = {10.3389/fmars.2025.1493581},
  langid = {undefined}
}

@article{Staley1985,
  title = {Measurement of in situ activities of nonphotosynthetic microorganisms in aquatic and terrestrial habitats},
  author = {Staley, J. T. and Konopka, A.},
  date = {1985},
  journaltitle = {Annual Review of Microbiology},
  shortjournal = {Annu Rev Microbiol},
  volume = {39},
  pages = {321--346},
  issn = {0066-4227},
  doi = {10.1146/annurev.mi.39.100185.001541},
  langid = {undefined}
}

@article{Starnawski2017,
  title = {Microbial community assembly and evolution in subseafloor sediment},
  author = {Starnawski, Piotr and Bataillon, Thomas and Ettema, Thijs J G and Jochum, Lara M and Schreiber, Lars and Chen, Xihan and Lever, Mark A and Polz, Martin F and Jørgensen, Bo B and Schramm, Andreas and Kjeldsen, Kasper U},
  date = {2017-03-03},
  journaltitle = {Proceedings of the National Academy of Sciences of the United States of America},
  shortjournal = {Proc. Natl. Acad. Sci. U. S. A.},
  volume = {114},
  number = {11},
  pages = {2940--2945},
  publisher = {National Academy of Sciences},
  issn = {1091-6490},
  doi = {10.1073/pnas.1614190114},
  langid = {undefined}
}

@article{Stokke2012,
  title = {Integrated metagenomic and metaproteomic analyses of an {{ANME-1-dominated}} community in marine cold seep sediments},
  author = {Stokke, Runar and Roalkvam, Irene and Lanzen, Anders and Haflidason, Haflidi and Steen, Ida H},
  date = {2012-05},
  journaltitle = {Environmental Microbiology},
  shortjournal = {Environ. Microbiol.},
  volume = {14},
  number = {5},
  pages = {1333--1346},
  issn = {1462-2920},
  doi = {10.1111/j.1462-2920.2012.02716.x},
  langid = {undefined}
}

@article{Sun2020,
  title = {Seagrass vegetation affect the vertical organization of microbial communities in sediment},
  author = {Sun, Yanyu and Song, Zenglei and Zhang, Haikun and Liu, Pengyuan and Hu, Xiaoke},
  date = {2020-12-01},
  journaltitle = {Marine Environmental Research},
  shortjournal = {Mar. Environ. Res.},
  volume = {162},
  pages = {105174},
  issn = {1879-0291},
  doi = {10.1016/j.marenvres.2020.105174},
  langid = {undefined}
}

@article{Suominen2021,
  title = {Organic matter type defines the composition of active microbial communities originating from anoxic {{Baltic Sea}} sediments},
  author = {Suominen, Saara and family=Vliet, given=Daan M., prefix=van, useprefix=true and Sánchez-Andrea, Irene and family=Meer, given=Marcel T. J., prefix=van der, useprefix=true and Sinninghe Damsté, Jaap S. and Villanueva, Laura},
  date = {2021-05-05},
  journaltitle = {Frontiers in Microbiology},
  shortjournal = {Front. Microbiol.},
  volume = {12},
  pages = {628301},
  publisher = {Frontiers},
  issn = {1664-302X},
  doi = {10.3389/fmicb.2021.628301},
  langid = {undefined}
}

@article{Syed2016,
  title = {Fiber characteristics and papermaking of seagrass using hand-beaten and blended pulp},
  author = {Syed, Nurul Nur Farahin and Zakaria, Muta Harah and Bujang, Japar Sidik},
  date = {2016-05-02},
  journaltitle = {BioResources},
  volume = {11},
  number = {2},
  pages = {5358--5380},
  issn = {1930-2126},
  doi = {10.15376/biores.11.2.5358-5380},
  langid = {undefined}
}

@article{Tapilatu2024,
  title = {A first report on prokaryotic diversity in northwestern {{Arafura}} deep-sea sediments, {{Indonesia}}},
  author = {Tapilatu, Yosmina and Fauzan, Ihsan and Pradipta, Ariel and Kusuma, Ali Budhi},
  date = {2024-01-09},
  journaltitle = {Scientific Reports},
  shortjournal = {Sci. Rep.},
  volume = {14},
  number = {1},
  pages = {895},
  publisher = {Nature Publishing Group},
  issn = {2045-2322},
  doi = {10.1038/s41598-024-51614-6},
  langid = {undefined}
}

@article{Terrados1992,
  title = {Growth and primary production of {{{\mkbibemph{Cymodocea nodosa}}}} ({{Ucria}}) {{Ascherson}} in a {{Mediterranean}} coastal lagoon: the {{Mar Menor}} ({{SE Spain}})},
  shorttitle = {Growth and primary production of {{{\mkbibemph{Cymodocea}}}}{\mkbibemph{ nodosa}} ({{Ucria}}) {{Ascherson}} in a {{Mediterranean}} coastal lagoon},
  author = {Terrados, J. and Ros, J. D.},
  date = {1992-06-01},
  journaltitle = {Aquatic Botany},
  shortjournal = {Aquat. Bot.},
  volume = {43},
  number = {1},
  pages = {63--74},
  issn = {0304-3770},
  doi = {10.1016/0304-3770(92)90014-A},
  langid = {undefined}
}

@article{Terrados1998,
  title = {Changes in community structure and biomass of seagrass communities along gradients of siltation in {{SE Asia}}},
  author = {Terrados, J. and Duarte, C. M. and Fortes, M. D. and Borum, J. and Agawin, N. S. R. and Bach, S. and Thampanya, U. and Kamp-Nielsen, L. and Kenworthy, W. J. and Geertz-Hansen, O. and Vermaat, J.},
  date = {1998-05-01},
  journaltitle = {Estuarine, Coastal and Shelf Science},
  shortjournal = {Estuar. Coast. Shelf Sci.},
  volume = {46},
  number = {5},
  pages = {757--768},
  issn = {0272-7714},
  doi = {10.1006/ecss.1997.0304},
  langid = {undefined}
}

@article{Terrados2000,
  title = {Experimental evidence of reduced particle resuspension within a seagrass ({{{\mkbibemph{Posidonia oceanica}}}} {{L}}.) meadow},
  author = {Terrados, Jorge and Duarte, Carlos M},
  date = {2000-01-01},
  journaltitle = {Journal of Experimental Marine Biology and Ecology},
  shortjournal = {J. Exp. Mar. Biol. Ecol.},
  volume = {243},
  number = {1},
  pages = {45--53},
  issn = {0022-0981},
  doi = {10.1016/S0022-0981(99)00110-0},
  langid = {undefined}
}

@article{Thamdrup1994,
  title = {Manganese, iron and sulfur cycling in a coastal marine sediment, {{Aarhus Bay}}, {{Denmark}}},
  author = {Thamdrup, Bo and Fossing, Henrik and Jørgensen, Bo Barker},
  date = {1994-12-01},
  journaltitle = {Geochimica et Cosmochimica Acta},
  shortjournal = {Geochim. Cosmochim. Acta},
  volume = {58},
  number = {23},
  pages = {5115--5129},
  issn = {0016-7037},
  doi = {10.1016/0016-7037(94)90298-4},
  langid = {undefined}
}

@article{Thomas2011,
  title = {Environmental and gut {{{\mkbibemph{Bacteroidetes}}}}: the food connection},
  shorttitle = {Environmental and gut bacteroidetes},
  author = {Thomas, François and Hehemann, Jan-Hendrik and Rebuffet, Etienne and Czjzek, Mirjam and Michel, Gurvan},
  date = {2011},
  journaltitle = {Frontiers in Microbiology},
  shortjournal = {Front. Microbiol.},
  volume = {2},
  pages = {93},
  issn = {1664-302X},
  doi = {10.3389/fmicb.2011.00093},
  langid = {undefined}
}

@article{Thomsen2001,
  title = {Biogeochemical and molecular signatures of anaerobic methane oxidation in a marine sediment},
  author = {Thomsen, Trine R. and Finster, Kai and Ramsing, Niels B.},
  date = {2001-04},
  journaltitle = {Applied and Environmental Microbiology},
  shortjournal = {Appl. Environ. Microbiol.},
  volume = {67},
  number = {4},
  pages = {1646--1656},
  doi = {10.1128/AEM.67.4.1646-1656.2001},
  langid = {undefined}
}

@article{Torbatinejad2001,
  title = {Laboratory evaluation of some marine plants on {{South Australian}} beaches},
  author = {Torbatinejad, N. and Sabin, J.},
  date = {2001-04-15},
  journaltitle = {Journal of Agricultural Science and Technology},
  shortjournal = {J. Agric. Sci. Technol.},
  volume = {3},
  number = {2},
  pages = {91--100},
  langid = {undefined}
}

@article{Torti2015,
  title = {Origin, dynamics, and implications of extracellular {{DNA}} pools in marine sediments},
  author = {Torti, Andrea and Lever, Mark Alexander and Jørgensen, Bo Barker},
  date = {2015-12},
  journaltitle = {Marine Genomics},
  shortjournal = {Mar. Genomics},
  volume = {24},
  number = {3},
  pages = {185--196},
  issn = {1876-7478},
  doi = {10.1016/j.margen.2015.08.007},
  langid = {undefined}
}

@article{Torti2018,
  title = {Preservation of microbial {{DNA}} in marine sediments: insights from extracellular {{DNA}} pools},
  shorttitle = {Preservation of microbial {{DNA}} in marine sediments},
  author = {Torti, Andrea and Jørgensen, Bo Barker and Lever, Mark Alexander},
  date = {2018-12},
  journaltitle = {Environmental Microbiology},
  shortjournal = {Environ. Microbiol.},
  volume = {20},
  number = {12},
  pages = {4526--4542},
  issn = {1462-2920},
  doi = {10.1111/1462-2920.14401},
  langid = {undefined}
}

@article{Trevathan-Tackett2020,
  title = {Long-term decomposition captures key steps in microbial breakdown of seagrass litter},
  author = {Trevathan-Tackett, Stacey M. and Jeffries, Thomas C. and Macreadie, Peter I. and Manojlovic, Bojana and Ralph, Peter},
  date = {2020-02-25},
  journaltitle = {Science of the Total Environment},
  shortjournal = {Sci. Total Environ.},
  volume = {705},
  pages = {135806},
  issn = {0048-9697},
  doi = {10.1016/j.scitotenv.2019.135806},
  langid = {undefined}
}

@article{Tully2016,
  title = {Potential mechanisms for microbial energy acquisition in oxic deep-sea sediments},
  author = {Tully, Benjamin J. and Heidelberg, John F.},
  date = {2016-07-15},
  journaltitle = {Applied and Environmental Microbiology},
  shortjournal = {Appl. Environ. Microbiol.},
  volume = {82},
  number = {14},
  pages = {4232--4243},
  publisher = {American Society for Microbiology},
  doi = {10.1128/AEM.01023-16},
  langid = {undefined}
}

@article{Ugarelli2024,
  title = {Microbiomes of {{{\mkbibemph{Thalassia testudinum}} throughout the Atlantic Ocean, Caribbean Sea, and Gulf of Mexico are influenced by site and region while maintaining a core microbiome}}},
  author = {Ugarelli, Kelly and Campbell, Justin E. and Rhoades, O. Kennedy and Munson, Calvin J. and Altieri, Andrew H. and Douglass, James G. and Heck, Kenneth L. and Paul, Valerie J. and Barry, Savanna C. and Christ, Lindsey and Fourqurean, James W. and Frazer, Thomas K. and Linhardt, Samantha T. and Martin, Charles W. and McDonald, Ashley M. and Main, Vivienne A. and Manuel, Sarah A. and Marco-Méndez, Candela and Reynolds, Laura K. and Rodriguez, Alex and Rodriguez Bravo, Lucia M. and Sawall, Yvonne and Smith, Khalil and Wied, William L. and Choi, Chang Jae and Stingl, Ulrich},
  date = {2024-02-23},
  journaltitle = {Frontiers in Microbiology},
  shortjournal = {Front. Microbiol.},
  volume = {15},
  pages = {1357797},
  publisher = {Frontiers},
  issn = {1664-302X},
  doi = {10.3389/fmicb.2024.1357797},
  langid = {undefined}
}

@report{UnitedNationsEnvironmentProgrammeUNEP2020,
  type = {Monograph},
  title = {Out of the blue: the value of seagrasses to the environment and to people},
  author = {{United Nations Environment Programme (UNEP)}},
  date = {2020},
  institution = {UNEP, Nairobi},
  langid = {undefined}
}

@dataset{UnitedNationsEnvironmentProgrammeWorldConservationMonitoringCentreUNEP-WCMC2018,
  title = {Global distribution of seagrasses (version 6.0). {{Sixth}} update to the data layer used in {{Green}} and {{Short}} (2003)},
  author = {{United Nations Environment Programme World Conservation Monitoring Centre (UNEP-WCMC)} and Short, Frederick T.},
  date = {2018},
  location = {Cambridge},
  langid = {undefined}
}

@article{Unsworth2022,
  title = {The planetary role of seagrass conservation},
  author = {Unsworth, Richard K. F. and Cullen-Unsworth, Leanne C. and Jones, Benjamin L. H. and Lilley, Richard J.},
  date = {2022-08-05},
  journaltitle = {Science},
  volume = {377},
  number = {6606},
  pages = {609--613},
  publisher = {American Association for the Advancement of Science},
  doi = {10.1126/science.abq6923},
  langid = {undefined}
}

@article{Urich2014,
  title = {Microbial community structure and functioning in marine sediments associated with diffuse hydrothermal venting assessed by integrated meta-omics},
  author = {Urich, Tim and Lanzén, Anders and Stokke, Runar and Pedersen, Rolf B. and Bayer, Christoph and Thorseth, Ingunn H. and Schleper, Christa and Steen, Ida H. and Øvreas, Lise},
  date = {2014},
  journaltitle = {Environmental Microbiology},
  shortjournal = {Environ. Microbiol.},
  volume = {16},
  number = {9},
  pages = {2699--2710},
  issn = {1462-2920},
  doi = {10.1111/1462-2920.12283},
  langid = {undefined}
}

@incollection{Valentine2006,
  title = {The central role of grazing in seagrass ecology},
  booktitle = {Seagrasses: biology, ecology and conservation},
  author = {Valentine, John F. and Duffy, J. Emmett},
  editor = {Larkum, Anthony W.D. and Orth, Robert J. and Duarte, Carlos M.},
  date = {2006},
  pages = {463--501},
  publisher = {Springer},
  location = {Dordrecht},
  doi = {10.1007/978-1-4020-2983-7_20},
  isbn = {978-1-4020-2983-7},
  langid = {undefined}
}

@article{VanDenBossche2025,
  title = {The microbiologist's guide to metaproteomics},
  author = {Van Den Bossche, Tim and Armengaud, Jean and Benndorf, Dirk and Blakeley-Ruiz, Jose Alfredo and Brauer, Madita and Cheng, Kai and Creskey, Marybeth and Figeys, Daniel and Grenga, Lucia and Griffin, Timothy J. and Henry, Céline and Hettich, Robert L. and Holstein, Tanja and Jagtap, Pratik D. and Jehmlich, Nico and Kim, Jonghyun and Kleiner, Manuel and Kunath, Benoit J. and Malliet, Xuxa and Martens, Lennart and Mehta, Subina and Mesuere, Bart and Ning, Zhibin and Tanca, Alessandro and Uzzau, Sergio and Verschaffelt, Pieter and Wang, Jing and Wilmes, Paul and Zhang, Xu and Zhang, Xin and Li, Leyuan and {The Metaproteomics Initiative}},
  date = {2025},
  journaltitle = {iMeta},
  volume = {4},
  number = {3},
  pages = {e70031},
  issn = {2770-596X},
  doi = {10.1002/imt2.70031},
  langid = {undefined}
}

@article{vanKatwijk2010,
  title = {Sediment modification by seagrass beds: muddification and sandification induced by plant cover and environmental conditions},
  shorttitle = {Sediment modification by seagrass beds},
  author = {family=Katwijk, given=M. M., prefix=van, useprefix=true and Bos, A. R. and Hermus, D. C. R. and Suykerbuyk, W.},
  date = {2010-09-20},
  journaltitle = {Estuarine, Coastal and Shelf Science},
  shortjournal = {Estuar. Coast. Shelf Sci.},
  volume = {89},
  number = {2},
  pages = {175--181},
  issn = {0272-7714},
  doi = {10.1016/j.ecss.2010.06.008},
  langid = {undefined}
}

@article{vonMering2007,
  title = {Quantitative phylogenetic assessment of microbial communities in diverse environments},
  author = {family=Mering, given=C., prefix=von, useprefix=true and Hugenholtz, P. and Raes, J. and Tringe, S. G. and Doerks, T. and Jensen, L. J. and Ward, N. and Bork, P.},
  date = {2007-02-23},
  journaltitle = {Science},
  volume = {315},
  number = {5815},
  pages = {1126--1130},
  publisher = {American Association for the Advancement of Science},
  issn = {0036-8075, 1095-9203},
  doi = {10.1126/science.1133420},
  langid = {undefined}
}

@article{Waite2017,
  title = {Comparative genomic analysis of the class {{{\mkbibemph{Epsilonproteobacteria}}}} and proposed reclassification to {{{\mkbibemph{Epsilonbacteraeota}}}} (phyl. nov.)},
  author = {Waite, David W. and Vanwonterghem, Inka and Rinke, Christian and Parks, Donovan H. and Zhang, Ying and Takai, Ken and Sievert, Stefan M. and Simon, Jörg and Campbell, Barbara J. and Hanson, Thomas E. and Woyke, Tanja and Klotz, Martin G. and Hugenholtz, Philip},
  date = {2017-04-24},
  journaltitle = {Frontiers in Microbiology},
  shortjournal = {Front. Microbiol.},
  volume = {8},
  pages = {682},
  publisher = {Frontiers},
  issn = {1664-302X},
  doi = {10.3389/fmicb.2017.00682},
  langid = {undefined}
}

@article{Waite2018,
  title = {Addendum: {{Comparative}} genomic analysis of the class {{{\mkbibemph{Epsilonproteobacteria}}}} and proposed reclassification to {{{\mkbibemph{Epsilonbacteraeota}}}} (phyl. nov.)},
  shorttitle = {Addendum},
  author = {Waite, David W. and Vanwonterghem, Inka and Rinke, Christian and Parks, Donovan H. and Zhang, Ying and Takai, Ken and Sievert, Stefan M. and Simon, Jörg and Campbell, Barbara J. and Hanson, Thomas E. and Woyke, Tanja and Klotz, Martin G. and Hugenholtz, Philip},
  date = {2018-04-18},
  journaltitle = {Frontiers in Microbiology},
  shortjournal = {Front. Microbiol.},
  volume = {9},
  pages = {772},
  publisher = {Frontiers},
  issn = {1664-302X},
  doi = {10.3389/fmicb.2018.00772},
  langid = {undefined}
}

@article{Waite2020,
  title = {Proposal to reclassify the proteobacterial classes {{{\mkbibemph{Deltaproteobacteria}}}} and {{{\mkbibemph{Oligoflexia}}}}, and the phylum {{{\mkbibemph{Thermodesulfobacteria}}}} into four phyla reflecting major functional capabilities},
  author = {Waite, David W and Chuvochina, Maria and Pelikan, Claus and Parks, Donovan H and Yilmaz, Pelin and Wagner, Michael and Loy, Alexander and Naganuma, Takeshi and Nakai, Ryosuke and Whitman, William B and Hahn, Martin W and Kuever, Jan and Hugenholtz, Philip},
  date = {2020},
  journaltitle = {International Journal of Systematic and Evolutionary Microbiology},
  shortjournal = {Int. J. Syst. Evol. Microbiol.},
  volume = {70},
  number = {11},
  pages = {5972--6016},
  issn = {1466-5034},
  doi = {10.1099/ijsem.0.004213},
  langid = {undefined}
}

@article{Walsh2016a,
  title = {Bacterial diversity and community composition from seasurface to subseafloor},
  author = {Walsh, Emily A and Kirkpatrick, John B and Rutherford, Scott D and Smith, David C and Sogin, Mitchell and D'Hondt, Steven},
  date = {2016-04},
  journaltitle = {The ISME Journal},
  shortjournal = {ISME J.},
  volume = {10},
  number = {4},
  pages = {979--989},
  issn = {1751-7370},
  doi = {10.1038/ismej.2015.175},
  langid = {undefined}
}

@article{Wang2014,
  title = {Marine metaproteomics: current status and future directions},
  author = {Wang, Da-Zhi and Xie, Zhang-Xian and Zhang, Shu-Feng},
  date = {2014-01},
  journaltitle = {Journal of Proteomics},
  shortjournal = {J. Proteomics},
  volume = {97},
  pages = {27--35},
  issn = {1876-7737},
  doi = {10.1016/j.jprot.2013.08.024},
  langid = {undefined}
}

@article{Wang2020a,
  title = {Comparative metagenomics reveals the microbial diversity and metabolic potentials in the sediments and surrounding seawaters of {{Qinhuangdao}} mariculture area},
  author = {Wang, Shuping and Yan, Zhenguang and Wang, Pengyuan and Zheng, Xin and Fan, Juntao},
  date = {2020-06-04},
  journaltitle = {PLOS One},
  shortjournal = {PLoS One},
  volume = {15},
  number = {6},
  pages = {e0234128},
  publisher = {Public Library of Science},
  issn = {1932-6203},
  doi = {10.1371/journal.pone.0234128},
  langid = {undefined}
}

@article{Wankel2015,
  title = {Nitrogen cycling in the deep sedimentary biosphere: nitrate isotopes in porewaters underlying the oligotrophic {{North Atlantic}}},
  author = {Wankel, S. D. and Buchwald, C. and Ziebis, W. and Wenk, C. B. and Lehmann, M. F.},
  date = {2015-12-21},
  journaltitle = {Biogeosciences},
  volume = {12},
  number = {24},
  pages = {7483--7502},
  publisher = {Copernicus GmbH},
  issn = {1726-4170},
  doi = {10.5194/bg-12-7483-2015},
  langid = {undefined}
}

@incollection{Watanabe2020,
  title = {\mkbibemph{Desulfosarcina}},
  booktitle = {Bergey's manual of systematics of {{{\mkbibemph{Archaea}}}} and {{{\mkbibemph{Bacteria}}}}},
  author = {Watanabe, Miho and Fukui, Manabu and Galushko, Alexander and Kuever, Jan},
  editor = {Trujillo, M. E and Dedysh, S. and DeVos, P. and Hedlund, B. and Kämpfer, P. and Rainey, F. A. and Whitman, W. B.},
  date = {2020},
  pages = {1--6},
  publisher = {John Wiley \& Sons},
  doi = {10.1002/9781118960608.gbm01020.pub2},
  isbn = {978-1-118-96060-8},
  langid = {undefined}
}

@article{Waycott2009,
  title = {Accelerating loss of seagrasses across the globe threatens coastal ecosystems},
  author = {Waycott, Michelle and Duarte, Carlos M. and Carruthers, Tim J. B. and Orth, Robert J. and Dennison, William C. and Olyarnik, Suzanne and Calladine, Ainsley and Fourqurean, James W. and Heck, Kenneth L. and Hughes, A. Randall and Kendrick, Gary A. and Kenworthy, W. Judson and Short, Frederick T. and Williams, Susan L.},
  date = {2009-07-28},
  journaltitle = {Proceedings of the National Academy of Sciences of the United States of America},
  shortjournal = {Proc. Natl. Acad. Sci. U. S. A.},
  volume = {106},
  number = {30},
  pages = {12377--12381},
  publisher = {Proceedings of the National Academy of Sciences},
  doi = {10.1073/pnas.0905620106},
  langid = {undefined}
}

@article{Wilmes2004,
  title = {The application of two-dimensional polyacrylamide gel electrophoresis and downstream analyses to a mixed community of prokaryotic microorganisms},
  author = {Wilmes, Paul and Bond, Philip L.},
  date = {2004},
  journaltitle = {Environmental Microbiology},
  shortjournal = {Environ. Microbiol.},
  volume = {6},
  number = {9},
  pages = {911--920},
  issn = {1462-2920},
  doi = {10.1111/j.1462-2920.2004.00687.x},
  langid = {undefined}
}

@article{Wilmes2015,
  title = {A decade of metaproteomics: where we stand and what the future holds},
  shorttitle = {A decade of metaproteomics},
  author = {Wilmes, Paul and Heintz-Buschart, Anna and Bond, Philip L.},
  date = {2015-10},
  journaltitle = {Proteomics},
  volume = {15},
  number = {20},
  pages = {3409--3417},
  issn = {1615-9861},
  doi = {10.1002/pmic.201500183},
  langid = {undefined}
}

@article{Wisniewski2009,
  title = {Universal sample preparation method for proteome analysis},
  author = {Wiśniewski, Jacek R and Zougman, Alexandre and Nagaraj, Nagarjuna and Mann, Matthias},
  date = {2009-05},
  journaltitle = {Nature Methods},
  shortjournal = {Nat. Methods},
  volume = {6},
  number = {5},
  pages = {359--362},
  issn = {1548-7091},
  doi = {10.1038/nmeth.1322}
}

@article{Wissler2011,
  title = {Back to the sea twice: identifying candidate plant genes for molecular evolution to marine life},
  shorttitle = {Back to the sea twice},
  author = {Wissler, Lothar and Codoñer, Francisco M. and Gu, Jenny and Reusch, Thorsten BH and Olsen, Jeanine L. and Procaccini, Gabriele and Bornberg-Bauer, Erich},
  date = {2011-01-12},
  journaltitle = {BMC Evolutionary Biology},
  shortjournal = {BMC Evol. Biol.},
  volume = {11},
  number = {1},
  pages = {8},
  issn = {1471-2148},
  doi = {10.1186/1471-2148-11-8},
  langid = {undefined}
}

@article{Woese1977,
  title = {Phylogenetic structure of the prokaryotic domain: the primary kingdoms},
  author = {Woese, C. R. and Fox, G. E.},
  date = {1977-11},
  journaltitle = {Proceedings of the National Academy of Sciences of the United States of America},
  shortjournal = {Proc. Natl. Acad. Sci. U. S. A.},
  volume = {74},
  number = {11},
  pages = {5088--5090},
  doi = {10.1073/pnas.74.11.5088},
  langid = {undefined}
}

@article{Woese1990,
  title = {Towards a natural system of organisms: proposal for the domains {{{\mkbibemph{Archaea}}}}, {{{\mkbibemph{Bacteria}}}}, and {{{\mkbibemph{Eucarya}}}}},
  shorttitle = {Towards a natural system of organisms},
  author = {Woese, C R and Kandler, O and Wheelis, M L},
  date = {1990-06},
  journaltitle = {Proceedings of the National Academy of Sciences of the United States of America},
  shortjournal = {Proc. Natl. Acad. Sci. U. S. A.},
  volume = {87},
  number = {12},
  pages = {4576--4579},
  publisher = {Proceedings of the National Academy of Sciences},
  doi = {10.1073/pnas.87.12.4576},
  langid = {undefined}
}

@article{Zavodnik1998,
  title = {Seasonal variations in the rate of photosynthetic activity and chemical composition of the seagrass {{{\mkbibemph{Cymodocea nodosa}}}} ({{Ucr}}.) {{Asch}}.},
  author = {Zavodnik, N. and Travizi, A. and family=Rosa, given=S., prefix=de, useprefix=true},
  date = {1998-12-30},
  journaltitle = {Scientia Marina},
  shortjournal = {Sci. Mar.},
  volume = {62},
  number = {4},
  pages = {301--309},
  issn = {1886-8134},
  doi = {10.3989/scimar.1998.62n4301},
  langid = {undefined}
}

@article{Zhang2010,
  title = {Integrating multiple 'omics' analysis for microbial biology: application and methodologies},
  shorttitle = {Integrating multiple 'omics' analysis for microbial biology},
  author = {Zhang, W. and Li, F. and Nie, L.},
  date = {2010-02-01},
  journaltitle = {Microbiology},
  volume = {156},
  number = {2},
  pages = {287--301},
  issn = {1350-0872, 1465-2080},
  doi = {10.1099/mic.0.034793-0},
  langid = {undefined}
}

@article{Zhang2012a,
  title = {Microbial diversity in cold seep sediments from the northern {{South China Sea}}},
  author = {Zhang, Yong and Su, Xin and Chen, Fang and Wang, Yuanyuan and Jiao, Lu and Dong, Hailiang and Huang, Yongyang and Jiang, Hongchen},
  date = {2012-05},
  journaltitle = {Geoscience Frontiers},
  shortjournal = {Geosci. Front.},
  volume = {3},
  number = {3},
  pages = {301--316},
  issn = {16749871},
  doi = {10.1016/j.gsf.2011.11.014},
  langid = {undefined}
}

@article{Zhang2015a,
  title = {Diversity of cultivable protease-producing bacteria in sediments of {{Jiaozhou Bay}}, {{China}}},
  author = {Zhang, Xi-Ying and Han, Xiao-Xu and Chen, Xiu-Lan and Dang, Hong-Yue and Xie, Bin-Bin and Qin, Qi-Long and Shi, Mei and Zhou, Bai-Cheng and Zhang, Yu-Zhong},
  date = {2015-09-25},
  journaltitle = {Frontiers in Microbiology},
  shortjournal = {Front. Microbiol.},
  volume = {6},
  pages = {1021},
  publisher = {Frontiers},
  issn = {1664-302X},
  doi = {10.3389/fmicb.2015.01021},
  langid = {undefined}
}

@article{Zhang2019,
  title = {Prokaryotic diversity in mangrove sediments across southeastern {{China}} fundamentally differs from that in other biomes},
  author = {Zhang, Cui-Jing and Pan, Jie and Duan, Chang-Hai and Wang, Yong-Ming and Liu, Yang and Sun, Jian and Zhou, Hai-Chao and Song, Xin and Li, Meng},
  date = {2019-09-10},
  journaltitle = {mSystems},
  volume = {4},
  number = {5},
  pages = {e00442\textbackslash -19},
  publisher = {American Society for Microbiology},
  doi = {10.1128/msystems.00442-19},
  langid = {undefined}
}

@article{Zhang2020,
  title = {Rhizosphere microbial community structure is selected by habitat but not plant species in two tropical seagrass beds},
  author = {Zhang, Xia and Zhao, Chunyu and Yu, Shuo and Jiang, Zhijian and Liu, Songlin and Wu, Yunchao and Huang, Xiaoping},
  date = {2020-03-04},
  journaltitle = {Frontiers in Microbiology},
  shortjournal = {Front. Microbiol.},
  volume = {11},
  pages = {161},
  publisher = {Frontiers},
  issn = {1664-302X},
  doi = {10.3389/fmicb.2020.00161},
  langid = {undefined}
}

@article{Zhang2022,
  title = {Gradient of microbial communities around seagrass roots was mediated by sediment grain size},
  author = {Zhang, Xia and Liu, Songlin and Jiang, Zhijian and Wu, Yunchao and Huang, Xiaoping},
  date = {2022},
  journaltitle = {Ecosphere},
  volume = {13},
  number = {2},
  pages = {e3942},
  issn = {2150-8925},
  doi = {10.1002/ecs2.3942},
  langid = {undefined}
}

@article{Zheng2019,
  title = {Community structure and abundance of archaea in a {{{\mkbibemph{Zostera marina}}}} meadow: a comparison between seagrass-colonized and bare sediment sites},
  author = {Zheng, Pengfei and Wang, Chuantao and Zhang, Xiaoli and Gong, Jun},
  date = {2019-11-18},
  journaltitle = {Archaea},
  volume = {2019},
  number = {1},
  pages = {5108012},
  issn = {1472-3654},
  doi = {10.1155/2019/5108012},
  langid = {undefined}
}

@article{Zhou1996,
  title = {{{DNA}} recovery from soils of diverse composition},
  author = {Zhou, J. and Bruns, M. A. and Tiedje, J. M.},
  date = {1996-02},
  journaltitle = {Applied and Environmental Microbiology},
  shortjournal = {Appl. Environ. Microbiol.},
  volume = {62},
  number = {2},
  pages = {316--322},
  issn = {0099-2240},
  doi = {10.1128/aem.62.2.316-322.1996},
  langid = {undefined}
}

@article{Zhou2013,
  title = {Diversity of both the cultivable protease-producing bacteria and bacterial extracellular proteases in the coastal sediments of {{King George Island}}, {{Antarctica}}},
  author = {Zhou, Ming-Yang and Wang, Guang-Long and Li, Dan and Zhao, Dian-Li and Qin, Qi-Long and Chen, Xiu-Lan and Chen, Bo and Zhou, Bai-Cheng and Zhang, Xi-Ying and Zhang, Yu-Zhong},
  date = {2013-11-04},
  journaltitle = {PLOS One},
  shortjournal = {PLoS One},
  volume = {8},
  number = {11},
  pages = {e79668},
  publisher = {Public Library of Science},
  issn = {1932-6203},
  doi = {10.1371/journal.pone.0079668},
  langid = {undefined}
}

@article{Zhuang2014,
  title = {Gas chromatographic analysis of methanol and ethanol in marine sediment pore waters: validation and implementation of three pretreatment techniques},
  shorttitle = {Gas chromatographic analysis of methanol and ethanol in marine sediment pore waters},
  author = {Zhuang, Guang-Chao and Lin, Yu-Shih and Elvert, Marcus and Heuer, Verena B. and Hinrichs, Kai-Uwe},
  date = {2014-03-20},
  journaltitle = {Marine Chemistry},
  shortjournal = {Mar. Chem.},
  volume = {160},
  pages = {82--90},
  issn = {0304-4203},
  doi = {10.1016/j.marchem.2014.01.011},
  langid = {undefined}
}

@article{Zinke2019,
  title = {Microbial organic matter degradation potential in {{Baltic Sea}} sediments is influenced by depositional conditions and in situ geochemistry},
  author = {Zinke, Laura A. and Glombitza, Clemens and Bird, Jordan T. and Røy, Hans and Jørgensen, Bo Barker and Lloyd, Karen G. and Amend, Jan P. and Reese, Brandi Kiel},
  date = {2019-02-06},
  journaltitle = {Applied and Environmental Microbiology},
  shortjournal = {Appl. Environ. Microbiol.},
  volume = {85},
  number = {4},
  pages = {e02164\textbackslash -18},
  publisher = {American Society for Microbiology},
  doi = {10.1128/AEM.02164-18},
  langid = {undefined}
}
